2858 4994
553 185 699 239 TIBULLI
718 184 785 239 LlB.
804 184 825 237 l.
846 191 869 237 6.

269 350 423 432 Uerhem,
447 348 590 413 detrecto
613 371 680 412 non
700 369 760 432 ego
784 348 891 411 uincla
915 346 1040 429 pedum.

154 475 188 522 ‘23
226 459 272 522 At
291 457 371 520 mihi
396 457 423 518 si
448 456 569 539 credas,
592 456 681 519 illam
706 477 822 539 sequar
846 477 928 516 unus
954 455 993 517 ad
1013 476 1100 519 aras:

154 581 189 630 24
272 564 363 628 Tunc
387 563 468 627 mihi
492 585 557 626 non
581 563 680 626 oculis
705 561 748 624 sit
771 561 917 624 timuisse
943 561 1037 644 meis3

156 687 189 736 39
228 670 319 734 Tunc
342 670 455 752 procul
480 669 607 753 absitis,
631 668 774 752 quisquis
800 668 878 732 colit
902 671 970 731 arte
994 668 1140 751 capillos,

155 793 189 841 4ο
270 777 315 840 Et
338 777 411 840 fluit
433 777 534 840 effuso
555 775 606 839 cui
629 778 709 859 toga
731 775 806 837 laxa
830 773 918 855 sinu3

227 884 380 967 Quisquis
406 888 438 948 et
461 886 615 964 occurret,
638 904 679 945 ne
702 881 807 964 possit
830 882 951 944 crimen
974 881 1102 964 habere,

272 988 343 1053 Stet
366 990 479 1073 procul
503 993 599 1073 atque
623 987 687 1051 alia
712 1009 745 1050 se
770 987 896 1050 auferat
914 991 988 1050 ante
1009 986 1072 1050 uia.

228 1095 279 1159 Sic
303 1097 373 1159 fieri
395 1096 485 1159 iubet
507 1097 576 1178 ipse
600 1096 686 1171 deus,
712 1095 758 1158 sic
781 1115 900 1177 magna
923 1093 1071 1157 sacerdos

271 1201 334 1265 Est
356 1203 437 1266 mihi
456 1203 565 1266 diuino
589 1201 769 1266 uaticinata
792 1222 882 1264 sono.

157 1323 192 1371 46
230 1308 318 1372 Haec
341 1309 397 1372 ubi
420 1308 577 1373 Bellonae
601 1311 692 1372 motu
711 1310 761 1371 est
784 1307 918 1392 agitata,
943 1326 1002 1370 nec
1021 1328 1127 1370 acrem

275 1414 466 1499 Flammam,
490 1436 556 1477 non
580 1435 689 1477 amens
714 1413 850 1477 uerbera
872 1416 961 1477 torta
979 1413 1087 1476 timet:

229 1520 305 1603 Ipsa
329 1522 468 1604 bipenne
488 1542 563 1584 suos
588 1519 858 1584 caedit'uiolenta
876 1519 1015 1583 lacertos

274 1626 499 1712 Sanguineque
523 1629 623 1692 effuso
648 1627 774 1710 spargit
796 1627 898 1690 inulta
922 1627 1023 1710 deam,

230 1733 364 1818 Statque
387 1735 471 1799 latus
491 1735 633 1818 praefixa
655 1756 743 1817 ueru,
768 1736 834 1797 stat
858 1733 966 1797 saucia
989 1736 1111 1816 pectus,

158 1856 192 1905 50
269 1841 314 1905 Et
337 1841 426 1905 canit
448 1845 592 1923 euentus,
621 1862 702 1925 quos
726 1839 785 1903 dea
807 1860 927 1923 magna
946 1843 1064 1903 monet.

231 1946 380 2030 ‘Parcite
403 1969 500 2031 quam
523 1946 666 2011 custodit
688 1945 800 2030 Amor,
823 1947 945 2009 uiolare
968 1945 1120 2030 puellam,

276 2051 326 2117 Ne
350 2053 461 2138 pigeat
485 2074 604 2138 magno
628 2057 704 2136 post
727 2053 876 2116 didicisse
899 2053 995 2117 malo.

229 2159 403 2244 Attigeris:
427 2159 579 2224 labentur
602 2181 691 2243 opes,
713 2162 750 2222 ut
772 2159 904 2222 uulnere
927 2161 1041 2222 nostro

276 2265 424 2349 Sanguis
447 2269 485 2329 ut
507 2266 561 2330 hic
585 2266 690 2329 uentis
715 2265 930 2348 diripiturque
953 2263 1055 2330 cinis’.

160 2387 194 2436 55
231 2371 277 2435 Et
298 2371 361 2435 tibi
383 2372 492 2436 nescio
517 2394 612 2455 quam
636 2372 726 2456 dixit,
749 2394 821 2435 mea
843 2371 947 2453 Delia,
969 2393 1127 2454 poenam:

277 2476 310 2540 Si
334 2481 443 2541 tamen
468 2479 633 2562 admittas,
657 2479 700 2542 sit
721 2500 835 2561 precor
858 2479 915 2542 illa
940 2478 1030 2541 leuis.

233 2582 309 2647 Non
332 2604 393 2668 ego
417 2587 450 2648 te
468 2588 602 2669 propter
624 2606 723 2669 parco
747 2584 818 2669 tibi,
841 2584 897 2648 sed
919 2588 976 2648 tua
999 2587 1103 2648 mater

276 2689 330 2754 Me
353 2694 464 2756 mouet
487 2694 584 2775 atque
607 2693 672 2756 iras
697 2713 794 2756 aurea
817 2691 919 2755 uincit
942 2713 1032 2755 anus.

234 2796 324 2862 Haec
347 2797 427 2861 mihi
451 2803 483 2861 te
508 2798 639 2863 adducit
662 2799 804 2863 tenebris
828 2799 995 2884 multoque
1014 2798 1130 2863 timore

164 2921 198 2968 66
282 2903 462 2991 Coniungit
484 2910 613 2970 nostras
638 2907 721 2970 clam
744 2906 908 2971 taciturna
930 2928 1055 2989 manus,

233 3009 324 3076 Haec
347 3013 536 3097 foribusque
560 3016 669 3076 manet
691 3016 791 3077 noctu
813 3035 865 3076 me
889 3012 987 3076 affixa
1009 3014 1183 3096 proculque

278 3116 457 3204 Cognoscit
481 3121 635 3204 strepitus
659 3122 711 3183 me
733 3120 882 3184 ueniente
905 3119 1032 3202 pedum.

234 3223 316 3288 Uiue
341 3225 395 3290 diu
418 3225 508 3310 mihi,
531 3225 633 3289 dulcis
657 3248 754 3290 anus:
777 3226 927 3309 proprios
951 3247 1011 3310 ego
1036 3230 1152 3310 tecum,
1199 3221 1204 3229 ’

217 3435 283 3490 Van.
303 3456 377 3491 uuor.
415 3443 449 3490 38
468 3436 595 3491 detracto
614 3438 706 3505 01103
726 3437 808 3491 cedas
823 3454 878 3505 pro
893 3437 989 3491 credas
1004 3437 1036 3491 L.
1053 3438 1207 3491 Muellerus
1220 3442 1295 3495 corii.

70 3538 72 3542 ’
143 3525 152 3596 11
172 3531 205 3580 39
225 3525 303 3579 Tunc
323 3529 356 3579 0:
375 3526 447 3579 Tum
466 3526 589 3593 §leolis
609 3526 725 3581 Guiclus
738 3528 748 3595 11
762 3532 796 3580 40
814 3526 852 3580 Et
870 3526 932 3579 fluit
950 3541 979 3584 ςε
1003 3526 1102 3579 Effluit
1120 3531 1139 3577 0
1155 3531 1159 3593 1
1175 3526 1251 3582 lassa
1271 3533 1297 3580 V

143 3613 362 3684 1142611166οι
386 3617 436 3669 aut
459 3618 529 3682 0111
546 3630 575 3669 se
599 3613 709 3669 auferat
731 3617 842 3684 scripsi:
867 3617 924 3669 stet
945 3614 1082 3683 proculo
1107 3614 1168 3667 Stet
1190 3618 1296 3684 procul

144 3703 222 3768 ante,
242 3701 299 3755 alia
318 3703 374 3755 stet
392 3703 490 3771 procul
508 3704 573 3756 ante
592 3702 640 3756 uia
659 3702 767 3758 Statius
791 3705 840 3758 aut
858 3702 915 3757 alia
933 3720 961 3756 se
982 3703 1093 3757 occulat
1110 3703 1296 3760 Buechclcrus

146 3791 189 3846 Sit
207 3791 305 3861 procul
324 3793 373 3844 aut
395 3790 452 3844 clia
474 3791 530 3845 stet
554 3807 653 3859 precor
676 3793 742 3845 ante
760 3791 808 3847 uia
831 3792 864 3846 L.
885 3792 1037 3846 Muellerus
1059 3794 1069 3861 11
1092 3797 1128 3846 45
1153 3794 1232 3847 motu
1257 3801 1295 3852 G:

145 3883 223 3936 mota
242 3884 292 3932 AV
312 3880 397 3948 (scrl'
386 3897 417 3934 cu
435 3881 483 3933 loc
501 3896 570 3934 corr.
578 3897 641 3949 ..619
660 3898 694 3935 ru
715 3882 765 3950 211
784 3887 817 3935 46
836 3881 965 3935 Flamam
983 3886 1032 3933 Au
1048 3884 1052 3950 1
1068 3899 1125 3936 non
1143 3899 1295 3951 amensg:

143 3987 200 4025 non
219 3970 248 4024 et
266 3983 364 4022 amans
383 3972 402 4018 0
420 3968 430 4037 11
449 3974 481 4021 47
502 3966 680 4026 uiolentae:
701 3969 807 4023 uiolata
821 3974 871 4021 AV
895 3970 936 4037 (iu
955 3971 1003 4024 hoc
1022 3986 1090 4025 corr
1111 3976 1296 4045 61161211

145 4066 179 4113 49
199 4028 316 4127 Statque
334 4056 410 4111 latus
428 4057 553 4126 praefixa
571 4075 641 4112 ueru
659 4060 723 4115 lob.
743 4059 819 4114 Fris.
834 4060 891 4127 1153
912 4059 1045 4128 Attigerit
1065 4065 1092 4128 0,
1112 4076 1180 4114 corr.
1196 4060 1291 4132 116111

144 4149 362 4203 uteretcorr.
383 4146 433 4214 011
453 4147 599 4201 benessio
623 4165 744 4216 quas-
764 4165 868 4218 poenas
895 4153 923 4215 0,
947 4149 1061 4215 correxi,
1081 4154 1111 4201 ut
1135 4166 1162 4202 u.
1187 4154 1221 4202 56
1240 4150 1294 4205 illa

145 4253 197 4305 quo
220 4235 356 4302 referatur
378 4236 507 4304 latratu
531 4240 564 4290 56
588 4236 639 4290 illa
661 4254 694 4291 erc
716 4237 766 4290 ille
790 4253 858 4291 corr.
881 4236 982 4307 11161
1003 4254 1047 4292 me
1067 4254 1117 4291 orn.
1138 4243 1167 4306 0,
1187 4239 1252 4292 add.
1274 4258 1293 4306 g

146 4331 179 4382 63
199 4324 236 4377 mi
257 4323 345 4378 dulcis
365 4341 433 4380 anus
452 4323 648 4396 Scolipultt
662 4325 706 4382 Sit
719 4343 752 4381 eu
767 4324 797 4379 Si
810 4341 878 4380 corr.
894 4329 917 4376 v
