2858 4994
556 191 703 245 TIBULLI
721 190 790 246 LIB.
809 191 829 244 Ι.
849 197 874 245 3.

270 353 379 417 Tellus
403 353 437 416 in
459 353 575 437 longas
600 356 649 416 est
671 352 837 435 patefacta
859 352 944 418 uias!

227 460 379 525 Nondum
403 459 567 525 caeruleas
590 460 686 543 pinus
711 459 939 524 conscenderat
962 459 1076 538 undas,

270 566 419 630 Effusum
442 565 550 630 uentis
573 567 830 650 praebueratque
855 567 969 650 sinum,

226 673 294 738 Nec
318 693 421 757 uagus
445 672 567 757 ignotis
590 676 739 755 repetens
764 672 955 757 compendia
972 673 1071 737 terris

155 795 190 842 40
273 779 440 843 Presserat
464 783 595 843 externa
617 780 730 844 nauita
753 801 857 844 meree
880 782 993 844 ratem.

230 884 292 950 Illo
315 906 383 948 non
406 884 532 950 ualidus
557 887 657 951 subiit
679 887 756 971 iuga
778 890 924 970 tempore
948 890 1073 971 taurus,

178 1068 181 1073 Δ
271 989 347 1055 Non
370 991 492 1056 domito
517 992 627 1059 frenos
652 1016 706 1058 ore
730 992 905 1057 momordit
924 1015 1035 1077 equus,

225 1097 302 1163 Non
325 1098 439 1162 domus
458 1099 527 1162 ulla
550 1098 635 1163 fores
658 1099 782 1184 habuit,
804 1121 870 1163 non
894 1099 976 1163 fixus
999 1098 1033 1162 in
1057 1099 1162 1183 agris,

271 1204 331 1280 Qui
354 1209 481 1288 regeret
503 1205 601 1269 certis
624 1206 744 1270 finibus
770 1228 856 1288 arua,
874 1205 967 1289 lapis.

154 1328 188 1374 45
226 1310 320 1394 Ipsae
344 1313 440 1375 mella
463 1313 585 1376 dabant
608 1335 751 1397 quercus,
773 1313 923 1396 ultroque
946 1312 1099 1376 ferebant

48 1400 51 1405 ’
273 1416 378 1481 Obuia
403 1419 523 1483 securis
546 1419 646 1483 ubera
668 1420 763 1484 lactis
787 1441 873 1483 oues.

224 1521 299 1586 Non
322 1522 459 1609 facinus,
481 1548 549 1590 non
571 1526 618 1589 ira
642 1525 714 1609 fuit,
737 1548 804 1590 non
827 1526 921 1608 bella,
943 1546 1003 1588 nec
1025 1545 1141 1588 ensem

272 1628 395 1694 Immiti
419 1653 534 1696 saeuus
559 1631 695 1696 duxerat
718 1637 788 1696 arte
810 1632 911 1696 faber.

226 1735 322 1801 Nunc
345 1737 422 1801 Ioue
447 1738 506 1801 sub
530 1737 660 1803 domino
685 1740 797 1804 caedes
822 1742 854 1802 et
877 1738 1011 1802 uulnera
1035 1759 1179 1823 semper,

153 1858 193 1906 50·
268 1841 362 1906 Nunc
386 1866 483 1929 mare,
507 1866 592 1910 nunc
615 1846 671 1909 leti
694 1845 782 1909 mille
805 1848 937 1928 repente
961 1844 1042 1909 uiae.

226 1949 335 2034 Parce,
358 1953 460 2034 pater.
493 1952 640 2017 timidum
665 1975 731 2017 non
754 1974 805 2015 me
829 1952 970 2035 periuria
993 1955 1129 2034 terrent,
1179 1964 1183 1969 '

268 2054 344 2120 Non
367 2057 454 2122 dieta
476 2059 510 2122 in
534 2063 663 2123 sanctos
688 2058 789 2141 impia
812 2058 912 2122 uerba
934 2058 1019 2123 deos.

226 2163 318 2240 Quod
343 2163 370 2228 si
394 2164 510 2228 fatales
533 2165 599 2228 iam
622 2185 707 2228 nnnc
730 2163 930 2246 expleuimus
956 2185 1068 2248 annos,

270 2270 335 2334 Fac
358 2270 442 2352 lapis
465 2270 630 2352 inscriptis
655 2273 719 2334 stet
743 2291 839 2353 super
862 2290 938 2334 ossa
959 2269 1061 2334 notis:

144 2378 187 2442 *55
226 2376 300 2441 ‘Hie
323 2377 406 2454 iacet
429 2376 546 2440 immiti
570 2379 781 2459 consumptus
805 2378 909 2441 morte
933 2376 1091 2461 Tibullus,

270 2481 446 2546 Messalam
468 2485 556 2547 terra
579 2482 655 2546 dum
679 2483 885 2567 sequiturque
908 2481 1010 2546 mari?

228 2586 291 2652 Sed
314 2610 374 2674 me,
399 2590 484 2673 quod
507 2590 612 2654 facilis
635 2592 746 2654 tenero
771 2612 842 2653 sum
867 2611 992 2672 semper
1014 2588 1140 2674 Amori,

268 2694 345 2777 Ipsa
368 2694 479 2760 Uenus
504 2717 634 2780 campos
658 2695 754 2760 ducet
776 2695 811 2758 in
833 2695 974 2778 Elysios.

223 2800 286 2864 Hic
310 2800 445 2866 choreae
469 2805 645 2887 cantusque
669 2802 791 2885 uigent,
814 2802 999 2885 passimque
1022 2805 1185 2886 uagantes

153 2925 188 2973 60
270 2907 371 2972 Dulce
396 2911 514 2973 sonant
535 2908 625 2972 tenui
648 2911 779 2992 gutture
803 2929 933 2972 carmen
952 2930 1038 2992 aues,

224 3015 302 3079 Fert
326 3016 445 3080 casiam
465 3036 531 3078 non
554 3014 641 3078 culta
665 3034 767 3098 seges,
789 3018 941 3097 totosque
964 3035 1142 3100 peragros

271 3121 382 3186 Floret
405 3120 547 3185 odoratis
571 3123 658 3183 terra
681 3121 822 3204 benigna
844 3121 938 3204 rosis,

226 3228 275 3291 Ac
298 3229 451 3291 iuuenum
476 3227 575 3290 series
598 3226 718 3290 teneris
742 3225 889 3289 immixta
911 3227 1028 3311 puellis

270 3333 377 3417 Ludit,
401 3334 433 3396 et
456 3332 584 3397 assidue
607 3333 730 3416 praelia
753 3332 868 3396 miscet
891 3332 1001 3398 Amor.

155 3456 187 3505 65
225 3440 297 3503 lllic
316 3442 373 3523 est,
396 3440 585 3524 cuicumque
608 3461 710 3522 rapax
733 3460 821 3503 mors
844 3439 935 3502 uenit
958 3442 1091 3525 amanti,

269 3546 315 3609 Et
337 3546 422 3630 gerit
444 3545 715 3630 insigni'myrtea
739 3547 826 3607 serta
848 3566 948 3609 coma.

227 3651 272 3716 At
295 3655 450 3717 scelerata
473 3653 556 3716 iacet
579 3652 670 3716 sedes
693 3651 728 3714 in
750 3645 845 3716 necte
867 3652 1029 3734 profunda
1107 3657 1113 3665 ’

206 3847 273 3901 Vsa.
293 3864 365 3901 nucu.
403 3851 436 3899 37
453 3844 651 3899 conscenderat
665 3864 696 3911 g:
715 3847 921 3914 contempserat
936 3845 1026 3914 01138
1041 3846 1135 3899 uentis
1154 3852 1176 3899 (l
1195 3849 1230 3915 (V
1249 3867 1285 3903 m.

136 3976 152 4022 2
175 3970 252 4039 mp.):
280 3948 355 4023 netis
380 3971 403 4018 Δ
430 3965 533 4020 ueteris
559 3971 582 4017 V
604 3983 638 4020 m.
668 3968 713 4036 111
738 3973 772 4021 47
796 3967 903 4021 facinus
926 3969 1037 4036 scripsi:
1058 3967 1132 4022 acies
1153 3972 1171 4019 0
1196 3970 1288 4024 animi

135 4059 327 4113 Broulrbusius
345 4056 437 4111 rabies
454 4056 716 4110 Burmarmus=50
730 4057 845 4125 repente
860 4061 882 4107 G
895 4058 932 4126 (et
949 4062 972 4108 V
990 4073 1042 4126 uoq.
1063 4075 1096 4110 m.
1113 4060 1154 4126 2):
1172 4061 1286 4127 reperte

135 4152 181 4199 AV
194 4164 228 4202 m.
245 4154 258 4200 1
274 4146 365 4200 multa
377 4144 490 4214 reperta
504 4143 552 4198 uia
566 4159 582 4202 ς
600 4145 658 4213 (uia
676 4146 720 4199 est
737 4145 770 4198 L.
788 4145 949 4216 Muellerus)
963 4148 973 4215 ΙΙ
987 4152 1020 4200 53
1040 4147 1134 4200 malim
1158 4147 1285 4215 explebi-

135 4253 196 4288 mus
214 4235 224 4303 ΙΙ
243 4241 277 4290 64
304 4234 447 4304 inscriptis
476 4238 503 4287 0:
527 4233 678 4302 inscriptus
705 4234 750 4288 uel
777 4233 821 4287 bis
849 4235 968 4304 scriptus
988 4250 1004 4293 ς
1026 4236 1036 4304 ΙΙ
1059 4239 1094 4287 68
1112 4233 1153 4305 in]
1174 4236 1210 4289 ad
1236 4236 1285 4308 ssll

135 4328 239 4377 59-62
254 4323 314 4378 bob.
332 4323 400 4378 Par.
420 4323 429 4392 ΙΙ
448 4328 481 4378 63
496 4322 537 4376 Ac
550 4327 612 4377 AG:
631 4322 670 4376 At
686 4328 709 4374 V
727 4323 787 4377 Hae
801 4338 818 4381 ς
836 4323 889 4378 Hic
904 4324 975 4378 Itali
988 4326 998 4393 ΙΙ
1012 4329 1117 4379 ot-Va
1130 4323 1193 4378 laub.
1211 4324 1283 4380 Par.
