2858 4994
538 279 683 334 TIBULLI
701 280 768 334 LIB.
787 281 821 334 11.
842 286 865 336 5.

273 441 367 505 Nunc
390 463 504 524 precor
527 441 568 504 ad
591 442 703 507 laudes
726 443 854 507 flectere
877 443 978 506 uerba
1000 446 1085 511 tuas.

171 564 188 612 a
227 546 302 631 lpse
324 547 516 632 triumphali
539 549 706 614 deuinctus
730 553 878 633 tempora
901 550 1004 635 lauro,

272 652 359 716 Dum
382 655 547 720 cumulant
570 678 653 741 aras
673 657 713 720 ad
736 659 794 720 tua
817 678 908 720 saera
931 656 1015 739 ueui3

227 760 272 823 Et
294 760 417 824 nitidus
440 760 636 845 pulcherque
659 759 747 827 ueni:
770 783 856 826 nune
879 760 975 825 indue
999 765 1122 825 uestem

274 818 467 974 Seposrtdm,
490 867 607 952 longas
631 889 717 932 nunc
739 868 821 931 bene
845 871 936 951 pecte
960 889 1083 932 comas:

228 956 340 1048 Quali
347 956 395 1037 td
403 946 594 1059 memorant
618 973 675 1040 Sat
660 978 756 1041 turno
775 997 851 1062 rege
874 975 969 1060 fugat
969 997 999 1060 ο,

150 1095 184 1143 10
268 1079 396 1145 Uictori
419 1080 531 1145 laudes
554 1026 755 1146 clincinulsse
778 1082 858 1147 Ioui.

227 1185 277 1251 Tu
301 1187 415 1271 procul
439 1191 595 1252 euentura
618 1188 719 1267 uides,
742 1188 804 1253 tibi
827 1150 952 1253 deditus
978 1209 1081 1274 augur

273 1291 341 1358 Scit
326 1295 446 1359 tbene
470 1295 547 1399 quid
569 1293 630 1359 fati
653 1295 790 1378 prouida
813 1299 924 1360 cantet
946 1297 1026 1380 auis,

228 1399 339 1485 Tuque
363 1403 450 1488 regis
474 1371 587 1485 sortes,
610 1424 668 1486 per
691 1405 723 1466 te
746 1396 926 1492 praesentit
950 1425 1095 1487 aruspex
1188 1477 1190 1481 ,

153 1581 160 1584 ,
272 1506 465 1574 Lubrica
434 1509 578 1594 signauit
601 1531 674 1573 cum
698 1508 774 1573 deus
791 1504 874 1572 exta
883 1508 1058 1618 notis3

157 1631 190 1678 ιι
227 1615 274 1679 Te
298 1615 377 1680 duee
400 1615 566 1681 Romanos
568 1637 769 1728 numquam
776 1600 949 1679 frustrata
972 1613 1097 1700 Sibylla

274 1721 396 1787 Abdita
419 1745 500 1807 quae
525 1704 610 1787 seriis
634 1722 703 1786 fata
727 1722 815 1785 canit
838 1721 988 1805 pedibus!

229 1827 369 1914 Phoebe,
394 1850 502 1893 sacras
525 1828 739 1893 Messalinum
763 1828 831 1892 sine
854 1831 989 1912 tangere
1013 1810 1140 1892 cartas

272 1934 378 2019 Uatis,
403 1939 435 1999 et
458 1937 528 2019 ipse
552 1957 665 2019 precor
688 1935 774 2021 quod
798 1935 886 2000 canit
908 1935 965 1998 illa
988 1934 1075 2000 doce.

230 2040 333 2120 [Haec
356 2041 445 2107 dedit
468 2041 597 2106 Aeneae
620 2045 733 2125 sortes,
756 2045 930 2125 postquam
953 2041 1009 2105 ille
1031 2045 1199 2125 parentem

156 2163 190 2210 ιο
273 2147 400 2213 Dicitur
424 2151 456 2212 et
479 2151 592 2232 raptos
616 2148 809 2212 sustinuisse
834 2146 941 2230 LareS,

227 2254 296 2319 Nec
318 2256 388 2320 fore
411 2242 562 2320 credebat
585 2255 732 2335 Romam,
755 2277 827 2320 cum
850 2257 993 2319 maestus
1017 2255 1058 2319 ab
1083 2256 1150 2320 alto

271 2361 356 2427 Ilion
380 2363 529 2445 ardentes
553 2363 791 2446 respiceretque
819 2361 918 2443 deos]

388 2434 503 2552 ἰ”ι
673 2469 691 2508 *
850 2501 924 2552 N*

228 2573 386 2640 Romulus
411 2578 562 2640 aeternae
585 2575 728 2639 nondum
751 2572 951 2643 formauerat
973 2576 1062 2641 urbis

273 2681 414 2766 Moenia,
437 2682 582 2747 consorti
604 2703 672 2746 non
676 2662 873 2747 habitanda
895 2681 1012 2785 Remo,

157 2805 192 2854 ιι
230 2788 329 2855 Sedt
315 2793 392 2853 tune
415 2789 595 2872 pascebant
616 2788 757 2853 herbosa
775 2788 880 2853 Ριιιι
856 2792 904 2853 ιιι
926 2809 1044 2852 uaccae

272 2894 317 2959 Et
340 2897 474 2961 stabant
495 2896 669 2960 humiles
660 2919 695 2960 ιιι
718 2895 806 2960 Iouis
830 2917 903 2960 arce
928 2917 1063 2960 casae

227 3003 327 3067 Lacte
351 3002 484 3067 madens
508 3003 576 3066 illic
600 2984 732 3097 suberat
754 3000 824 3098 Pan
846 2967 930 3066 iliel's
954 3001 1087 3066 umbrae

272 3109 317 3174 Et
339 3108 427 3173 facta
450 3108 572 3194 agresti
564 3088 714 3194 lignea
726 3078 816 3173 falce
826 3080 954 3193 Pales,

228 3216 393 3280 Pendebat
379 3219 455 3299 tque
480 3215 557 3300 uagi
580 3218 656 3311 past
657 3214 722 3280 oris
745 3214 780 3278 in
804 3215 918 3279 arbore
942 3218 1063 3299 uotum,

157 3341 192 3389 30
274 3292 412 3388 Garrula
436 3322 578 3387 siluest
536 3325 580 3386 ιιι
602 3306 713 3386 fistula
737 3308 830 3389 sacia
852 3321 920 3406 deo,

227 3428 363 3512 Fistula,
386 3429 438 3493 cui
461 3451 588 3513 semper
611 3429 767 3494 decrescit
791 3427 955 3493 arundinis
978 3428 1072 3494 ordo:

211 3676 279 3730 Vae.
299 3696 372 3731 usca.
409 3680 427 3729 4
444 3676 508 3730 tuas
527 3690 556 3733 ςε
575 3692 652 3730 meaa
671 3680 689 3727 0
708 3691 772 3730 mea
789 3675 985 3729 Lachmaunus
998 3675 1007 3742 ΙΙ
1022 3679 1037 3727 7
1052 3672 1088 3727 Et
1102 3673 1213 3742 scripsi:
1230 3670 1284 3728 Sed

108 3801 114 3813 .
139 3765 347 3834 olpulcerque
367 3769 416 3817 AV
430 3767 439 3835 ΙΙ
457 3770 472 3818 9
493 3764 576 3830 Quali
593 3766 704 3833 scripsi:
728 3764 845 3830 Qualem
866 3768 884 3814 0
903 3765 912 3832 ΙΙ
931 3769 964 3816 11
988 3761 1099 3816 deditus
1118 3776 1147 3819 ςι
1173 3762 1284 3816 debitus

139 3855 231 3922 ⁰l13
250 3854 389 3922 haruspex
407 3858 429 3905 0
447 3859 472 3907 et
489 3857 559 3908 Vm.
577 3856 617 3922 21!
632 3859 664 3907 15
680 3853 773 3907 sibilla
786 3857 837 3905 AV
852 3855 856 3919 ι
874 3854 917 3906 est
936 3853 999 3907 add.
1019 3851 1125 3920 calpon
1141 3857 1172 3905 17
1188 3852 1284 3905 ,cartas

138 3946 190 3994 AV
207 3959 242 3995 m.
264 3948 278 3995 1
298 3943 410 3996 chartas
429 3947 451 3994 0
470 3943 502 4011 (V
521 3960 554 3996 m.
576 3945 604 4011 2)
624 3944 633 4011 ΙΙ
653 3946 686 3995 18
709 3942 784 4009 quod
808 3956 836 3999 s:
861 3958 931 4009 quos
950 3946 968 3993 0
988 3940 1056 4008 quid
1074 3952 1091 3995 ς
1109 3937 1176 4006 quoi
1194 3937 1224 3991 J.
1244 3937 1284 3992 H.

144 4029 258 4084 Vossius
273 4030 277 4101 Ι
294 4029 371 4085 canit
388 4035 422 4084 G:
442 4031 525 4083 canat
542 4033 593 4080 AV
606 4032 615 4098 ΙΙ
631 4035 734 4083 19--22
753 4035 784 4083 ιι
802 4031 980 4098 interpolatos
997 4028 1099 4084 inclusi
1112 4029 1121 4096 ΙΙ
1135 4032 1169 4080 20
1187 4030 1284 4097 raptos

139 4135 170 4177 ςι
190 4121 320 4188 captoso
338 4116 540 4188 {substinuisse
558 4119 603 4186 Vll
617 4122 650 4170 21
670 4117 729 4189 Hac
748 4116 808 4172 iore
827 4119 919 4185 01122
939 4115 1025 4171 Ylion
1043 4120 1092 4168 AV
1109 4118 1112 4184 Ι
1128 4116 1192 4183 fort.
1212 4132 1283 4184 resp.

139 4207 238 4261 domos
256 4208 265 4275 ΙΙ
278 4208 371 4261 hiatus
388 4207 470 4274 apuu
487 4223 506 4260 u
524 4222 564 4260 mc
581 4206 676 4273 positu
698 4206 791 4258 hicat
809 4205 888 4272 iufra
907 4206 1022 4259 lucunas
1040 4205 1075 4258 ab
1093 4196 1153 4273 ipso
1174 4205 1284 4259 Tibullo
1359 4256 1361 4261 .

139 4297 249 4350 relictos
271 4296 431 4365 ripaticum
452 4296 461 4364 ΙΙ
484 4301 517 4348 23
544 4293 718 4348 formauerat
741 4298 773 4348 οι
796 4293 957 4347 firmauerat
979 4293 1023 4346 uel
1044 4292 1213 4347 fundauerat
1235 4307 1252 4349 ς
1274 4302 1283 4364 ιζ

140 4390 175 4438 30
199 4383 305 4438 Gamla
326 4389 356 4455 0,
375 4401 444 4440 corr.
463 4401 482 4450 g
498 4385 502 4458 Ι
519 4399 610 4451 sacra,
630 4401 642 4436 s
661 4387 717 4436 etr
735 4399 768 4436 ex
786 4399 855 4438 corr.
875 4383 919 4452 (ex
936 4381 1013 4437 facta
1031 4381 1055 4453 ι)
1075 4384 1096 4433 0
