2858 4994
489 305 774 362 PROLEGOMENA.
1149 305 1204 361 XV

55 467 100 530 41
121 466 320 552 ‘fructusue',
344 469 384 533 71
406 467 486 535 ‘nec'
512 468 612 555 (quod
633 470 765 535 firmant
786 469 1008 554 Frisingensia
1030 469 1205 556 excerpta),

57 594 194 655 quarum
217 576 420 657 praestantia
443 579 596 659 exparte
619 576 672 640 uel
694 578 826 641 nostrae
850 577 967 641 aetatis
991 576 1131 642 editores
1154 577 1203 640 fu-

56 680 120 764 git3
143 682 307 745 neminem
329 703 396 746 non
419 681 533 765 cupide
556 685 760 766 arrepturum
783 682 884 747 fuisse
908 705 947 748 ea
970 705 1051 767 quae
1074 683 1203 748 traditis

56 784 162 848 multo
192 789 286 850 erant
314 786 527 868 expeditiora,
559 791 596 852 ut
624 786 668 852 25
696 787 835 872 ‘Quippe
866 809 926 873 ego
956 790 1023 854 iam
1050 788 1205 873 possum'.

57 891 99 955 ad
116 914 291 956 summam:
315 892 422 977 siquid
439 893 538 978 longo
557 893 773 979 diuturnoque
792 917 853 959 usu
872 895 984 960 doctos
1004 896 1124 960 saeculi
1141 894 1204 960 XV

56 996 171 1078 Italos·
187 1001 278 1084 noui,
301 999 391 1064 nullo
414 1000 511 1065 modo
537 1023 609 1066 eum
633 1023 729 1086 quem
752 1000 830 1066 ino
851 991 991 1087 legimus
1014 1005 1139 1066 textum
1163 1002 1204 1065 ab

56 1127 123 1170 uno
147 1107 255 1190 aliquo
274 1106 404 1170 illorum
423 1107 577 1172 constitui
595 1108 740 1190 potuisse
759 1107 928 1173 contendo.
959 1108 1083 1173 accedit
1101 1110 1205 1172 altera

56 1233 118 1277 res.
163 1234 238 1276 nam
267 1234 334 1277 non
361 1213 458 1277 modo
486 1213 522 1278 in
549 1213 596 1278 eis
619 1213 787 1297 particulis
816 1234 897 1297 quae
923 1215 958 1277 in
981 1214 1058 1280 Por.
1086 1217 1205 1298 extant,

57 1319 114 1384 sed
141 1320 240 1383 etiam
265 1319 321 1383 ubi
343 1320 424 1384 haec
450 1343 511 1385 nos
535 1319 688 1385 deficiunt
709 1318 735 1384 G
763 1319 852 1385 solus
879 1321 999 1386 multas
1021 1321 1204 1406 praeclaras

55 1447 161 1510 neque
193 1426 251 1491 ulli
283 1425 548 1510 interpolationis
582 1428 759 1511 suspicioni
792 1427 948 1492 obnoxias
980 1429 1075 1494 nobis
1106 1427 1207 1493 tradit

56 1533 244 1616 scripturas.
290 1534 366 1617 quid
389 1533 491 1619 ergo?
528 1556 635 1599 nonne
657 1534 768 1616 potius
791 1531 817 1597 G
840 1534 881 1598 ab
905 1533 970 1598 alia
992 1557 1090 1620 quam
1112 1534 1204 1599 fami-

56 1640 136 1703 liam
154 1639 213 1704 AV
232 1640 370 1726 origine,
393 1642 517 1707 scilieet
540 1642 581 1706 ab
605 1642 717 1706 eadem
740 1662 804 1725 qua
825 1641 1020 1727 florilegium
1042 1641 1205 1725 gallicum,

56 1745 238 1829 profectum
262 1768 331 1811 esse
356 1745 558 1812 statuemus?

148 1853 236 1929 Quae
261 1853 398 1918 sirecte
421 1854 589 1939 disputata
612 1858 702 1939 sunt,
724 1855 856 1920 tandem
876 1875 995 1939 magno
1020 1875 1093 1918 eum
1111 1854 1203 1917 crisis

57 1959 261 2024 Tibullianae
285 1961 501 2026 emolumento
528 1965 613 2027 certe
637 1961 715 2027 licet
738 1962 917 2045 dinoscere,
948 1982 1032 2047 quae
1053 1960 1205 2045 florilegii
1271 1957 1275 1963 ’

56 2066 213 2131 lectiones
235 2066 357 2150 probae
381 2089 462 2151 quae
485 2089 606 2151 prauae
630 2068 702 2132 sint.
747 2090 825 2132 nam
847 2066 1041 2151 ubicumque
1066 2067 1128 2132 hae
1151 2066 1206 2130 de-

57 2171 240 2237 stituuntur
275 2173 522 2257 Guelferbytani
563 2173 790 2259 consensione,
830 2172 1098 2257 interpolationes
1139 2171 1204 2244 iam

57 2279 208 2343 manibus
236 2281 392 2346 tenemus.
437 2281 547 2364 itaque
575 2281 603 2344 si
632 2280 723 2344 uerbi
747 2280 854 2364 gratia
880 2278 1040 2363 praebent
1063 2277 1080 2342 I
1104 2279 1138 2361 8,
1165 2278 1205 2341 14

58 2383 216 2469 ‘colligat'
236 2384 327 2451 Pau:
351 2387 478 2471 colligit
501 2384 574 2472 0²¹²),
596 2384 613 2449 I
636 2386 666 2471 9,
689 2386 733 2450 23
757 2408 803 2470 sq.
828 2384 964 2450 ‘celandi
988 2405 1062 2468 spes
1085 2421 1122 2429 -
1143 2381 1206 2447 Est
1341 2435 1343 2438 .

60 2527 97 2537 -
124 2490 231 2556 uetat'
256 2491 348 2556 Pac:
389 2491 523 2558 ‘celanti
549 2492 601 2558 fas
627 2529 665 2538 -
692 2491 804 2558 Sit-
830 2491 935 2556 uetet'
966 2488 1002 2575 0,
1042 2488 1077 2554 Π
1104 2478 1139 2570 2',
1165 2491 1205 2554 15

57 2596 179 2662 ‘Indis'
202 2598 294 2664 Pura
332 2597 460 2664 ‘undis'
484 2596 523 2664 0:
564 2598 625 2663 has
652 2599 809 2664 lectiones
837 2620 876 2662 ex
899 2597 1125 2681 qualicumque
1155 2618 1205 2660 ex·

57 2705 216 2788 cerptoris
236 2705 420 2770 coniectura
438 2726 510 2770 esse
529 2709 618 2770 ortas
639 2726 725 2770 nunc
744 2706 882 2770 constat.
913 2703 1077 2768 rarissime
1097 2705 1206 2767 autem

56 2810 133 2875 Por.
163 2833 237 2877 cum
258 2811 318 2876 AV
340 2815 455 2878 contra
477 2810 503 2876 G
528 2811 749 2896 consentiunt,
778 2813 816 2876 ut
837 2809 871 2874 Π
895 2811 928 2895 1,
952 2810 1009 2893 89;
1039 2808 1097 2874 ubi
1120 2809 1206 2894 quod

57 2914 82 2980 (l
105 2915 240 3002 ‘furuis',
263 2919 339 2984 Pur.
358 2942 431 2985 cum
449 2918 509 2983 AV
528 2917 650 2983 ‘fuluis'
669 2918 844 3002 praebent:
869 2938 966 3000 quam
989 2916 1079 2980 facili
1097 2937 1205 2981 errore

57 3023 251 3088 uocabulum
274 3026 442 3111 uulgarius
470 3027 506 3089 in
529 3026 654 3089 duobus
677 3024 817 3088 testibus
846 3022 943 3086 simul
965 3021 1110 3106 potuerit
1133 3021 1205 3085 sub-

58 3129 150 3193 stitui
180 3131 383 3216 exquisitiori
412 3130 622 3216 intellegitur.
671 3130 753 3195 illud
784 3132 895 3192 tamen
926 3128 1205 3193 animaduersione
1337 3166 1345 3172 e

58 3239 107 3300 est
130 3237 276 3321 dignum,
299 3238 334 3301 in
355 3239 552 3323 panegyrico
574 3237 747 3303 Messallae
768 3236 845 3302 Por.
870 3257 943 3300 cum
967 3238 1095 3300 uetusto
1119 3235 1205 3319 frag-

58 3346 168 3407 mento
193 3340 369 3410 Ouiaciano
394 3343 448 3432 (1⁴¹)
476 3346 556 3411 locis
584 3345 749 3411 nonnullis
772 3340 940 3411 ‚contrad
968 3341 1082 3406 facere.
1128 3364 1205 3406 nam

57 3452 95 3513 ut
118 3450 268 3514 omittam
291 3453 333 3517 39
359 3451 537 3517 ‘castrisue'
562 3456 602 3517 et
617 3454 658 3517 87
683 3449 752 3516 ‘Ut'
782 3448 872 3535 (nam
894 3471 973 3513 num
1000 3449 1036 3512 in
1058 3449 1111 3512 his
1135 3470 1205 3512 uer-

58 3556 149 3621 sibus
177 3555 201 3621 F
229 3558 315 3622 idem
343 3561 439 3642 atque
464 3558 541 3624 Par.
569 3557 751 3623 exhibuerit
777 3554 852 3620 inde
880 3555 965 3638 quod
992 3552 1136 3639 Scaliger
1164 3554 1204 3619 ad

58 3663 187 3727 easdem
222 3663 373 3729 editionis
405 3664 632 3728 Plantinianae
663 3663 819 3728 lectiones
856 3662 904 3726 nil
936 3661 1105 3727 adnotauit
1136 3682 1203 3725 non

58 3772 146 3834 certo
179 3770 255 3835 licet
287 3768 507 3856 contendere),
542 3773 652 3834 tamen
679 3770 722 3835 96
755 3768 881 3833 ‘ueniat
910 3766 1037 3854 grauis'
1064 3766 1088 3832 V
1111 3767 1203 3833 Pae:

57 3875 202 3961 ‘grands
225 3877 328 3942 uenit'
352 3876 388 3963 0,
419 3878 482 3943 102
507 3876 565 3942 ‘ut'
589 3876 613 3942 F
636 3876 729 3941 Pars
754 3874 811 3939 ‘in'
836 3873 871 3959 0,
901 3875 964 3938 104
987 3872 1120 3939 ‘Dexter
1142 3874 1203 3938 uti'

128 4069 154 4139 *)
186 4071 333 4139 Inmerito,
355 4071 426 4126 mihi
448 4073 481 4125 ut
502 4070 627 4139 uidetur,
651 4068 805 4139 nuperrimi
828 4068 952 4123 editores
975 4067 1111 4121 damnant
1130 4065 1202 4120 illud

59 4157 203 4230 ‘colligit’,
230 4158 371 4230 recipiunt
394 4158 544 4227 ‘colligat'.
582 4159 657 4212 recte
681 4157 755 4212 enim
778 4157 907 4226 Riglerus
932 4155 969 4224 [ll
987 4174 1014 4224 p.
1036 4155 1077 4226 6]=
1107 4154 1202 4224 ‘pedes

56 4249 159 4302 natura
172 4247 314 4318 longiores
333 4247 357 4301 si
375 4245 490 4316 crepida
506 4245 667 4315 angustiore
685 4243 914 4314 comprimuntur,
933 4244 1026 4312 collipi
1037 4241 1201 4313 noninepte

58 4335 197 4390 dicuntur.
234 4338 344 4407 collipot
362 4354 429 4389 num
448 4335 560 4389 omnino
579 4334 625 4387 hic
643 4331 710 4402 poni
727 4331 864 4402 potuerit,
883 4330 968 4384 ualde
988 4330 1099 4399 dubito;
1121 4335 1202 4388 sonat

58 4426 134 4482 onim
152 4428 280 4496 vellicare
294 4426 376 4495 pedes
394 4425 477 4495 longe
496 4423 594 4478 aliud!
