2858 4994
144 193 188 257 46
533 195 677 248 TIBULLl
696 194 763 248 LIB.
782 195 816 250 II.
836 201 861 249 4.
881 200 905 248 5.

238 356 285 420 At
306 357 377 440 tibi,
400 378 482 441 quae
504 357 609 440 pretio
633 357 737 421 uictos
761 356 902 421 excludis
927 359 1084 439 amantes,

162 479 197 528 4ο
237 502 239 507 ,
277 464 428 547 Eripiunt
449 465 562 546 partas
585 466 702 527 uentus
726 466 758 527 et
780 463 866 548 ignis
891 485 981 546 opes3

234 569 317 646 Quin
339 573 397 634 tua
419 573 497 633 tunc
519 569 652 633 iuuenes
675 572 822 652 spectent
844 568 992 632 incendia
1015 568 1103 653 laeti,

276 676 345 741 Nec
368 677 539 759 quisquam
561 675 711 740 flammae
735 676 865 740 sedulus
890 675 987 739 addat
1010 697 1137 759 aquam.

234 781 296 847 Seu
319 782 428 847 ueniat
450 783 512 846 tibi
535 805 632 866 mors,
654 805 713 847 nec
736 782 799 847 erit
821 784 877 866 qui
898 784 1011 868 lugeat
1035 783 1128 867 ullus,

277 887 346 953 Nec
368 890 422 972 qui
446 888 500 953 det
522 892 662 953 maestas
685 911 802 954 munus
825 890 860 953 in
883 890 1044 973 exequias,

163 1011 197 1061 45
234 995 388 1061 Athona
411 1018 492 1079 quae
515 1018 573 1060 nec
596 1018 696 1060 auara
719 996 789 1080 fuit,
813 1000 941 1061 centurn
964 998 1041 1062 licet
1064 1019 1168 1061 annos

278 1102 414 1186 Uixerit,
437 1102 602 1166 ardentem
624 1102 756 1167 flebitur
779 1107 853 1167 ante
877 1124 1007 1188 rogum3

232 1207 340 1292 Atque
363 1208 479 1291 aliquis
503 1209 610 1274 senior
632 1198 758 1273 ueteres
781 1213 954 1273 ueneratus
978 1232 1105 1274 amores

277 1312 394 1380 Annua
418 1319 601 1380 constructo
626 1319 712 1380 serta
731 1315 820 1380 dabit
842 1317 966 1382 tumulo

232 1419 277 1485 nt
301 1419 404 1485 ‘bene’
429 1422 594 1486 discedens
618 1421 702 1485 dicet
726 1421 927 1508 ‘placideque
951 1424 1106 1507 quiescas,

160 1545 195 1593 5ο
278 1528 440 1611 Terraque
463 1549 594 1591 securae
618 1527 662 1591 sit
685 1550 782 1611 super
805 1551 880 1593 ossa
903 1528 1007 1594 leuis?

230 1635 318 1700 Uera
340 1632 468 1718 quidem
491 1655 617 1716 moneo,
641 1633 696 1698 sed
718 1639 868 1717 prosunt.
878 1636 955 1719 quid
978 1635 1059 1701 mihi
1082 1635 1180 1700 nera‘?

274 1741 367 1805 Illius
392 1743 440 1803 est
463 1739 556 1804 nobis
580 1740 650 1824 lege
674 1741 828 1805 colendus
852 1741 964 1807 Amor.

232 1848 316 1924 Quin
339 1847 439 1912 etiam
463 1846 553 1910 sedes
577 1848 687 1911 iubeat
710 1849 737 1912 si
760 1848 899 1913 uendere
922 1849 1038 1933 auitas,

274 1954 323 2019 Ite
348 1954 407 2019 sub
430 1953 602 2036 imperium
626 1953 685 2018 sub
709 1954 913 2038 titulumque,
936 1955 1044 2019 Lares.

160 2077 193 2125 55
232 2060 389 2144 Quicquid
412 2060 512 2125 habet
536 2057 635 2144 Oirce,
659 2061 809 2145 quicquid
832 2039 946 2126 M'edea
969 2062 1095 2146 ueneni,

277 2167 436 2252 Quicquid
460 2171 492 2232 et
513 2167 688 2232 herbarum
712 2166 873 2232 Thessala
894 2170 982 2231 terra
1005 2168 1098 2252 gerit,

233 2273 278 2338 nt
301 2274 396 2358 quod,
419 2274 476 2338 nbi
498 2273 665 2337 indomitis
688 2273 841 2357 gregibus
864 2272 975 2338 Uenus
999 2273 1092 2338 afflat
1114 2296 1251 2359 amores,

274 2379 498 2462 Hippomanes
522 2378 656 2462 cupidae
680 2379 785 2444 stillat
808 2379 848 2444 ab
872 2379 1004 2464 inguine
1028 2402 1141 2464 equae:

231 2486 386 2552 simodo
410 2508 461 2550 me
483 2486 612 2570 placido
636 2485 746 2550 uideat
767 2485 916 2550 Nemesis
940 2508 1011 2550 mea
1032 2488 1136 2572 uultu,

159 2611 194 2659 oo
274 2593 469 2659 Mille'alias
491 2594 611 2659 herbas
634 2593 769 2658 misceat
792 2593 858 2679 illa,
880 2592 999 2658 bibam.

605 2791 817 2799 --——-—--

691 2954 733 3026 V.

228 3093 368 3177 Phoebe,
390 3092 477 3157 faue:
500 3115 604 3158 nouus
629 3092 807 3177 ingreditur
829 3096 887 3156 tua
909 3093 1031 3175 templa
1055 3092 1220 3158 sacerdos:

273 3200 345 3264 Huc
369 3218 428 3282 age
452 3220 526 3261 oum
549 3197 675 3262 cithara
698 3198 958 3282 carminibusque
981 3198 1065 3262 ueni.

230 3306 259 3370 N
265 3327 324 3370 unc
347 3327 399 3369 me
422 3305 552 3369 uocales
575 3304 739 3387 impellere
761 3305 880 3388 pollice
904 3303 1052 3388 chordae,

209 3515 276 3572 Vna
297 3536 370 3572 unes.
408 3521 441 3569 39
460 3516 524 3583 fort.
543 3515 634 3586 pretio
653 3532 756 3570 uacuos
770 3516 779 3584 ΙΙ
793 3521 827 3569 40
845 3514 978 3585 partasfl
992 3516 1027 3581 (et
1041 3518 1064 3564 V
1077 3532 1111 3571 m.
1127 3518 1167 3584 2):
1186 3521 1287 3587 portas

138 3609 189 3656 AV
206 3622 240 3659 m.
262 3607 346 3673 1141
366 3607 432 3659 tunc
452 3610 484 3659 ⁰2
502 3607 563 3659 tum
583 3607 622 3674 ςΙΙ
636 3611 670 3658 42
689 3604 771 3677 fleme
790 3608 840 3656 Ao
853 3606 863 3671 ΙΙ
876 3609 910 3657 43
929 3603 1026 3658 ueniat
1043 3608 1105 3657 GVz
1124 3605 1222 3660 ueniet
1241 3611 1264 3658 Δ
1277 3608 1288 3679 ΙΙ

138 3698 173 3747 44
192 3694 322 3761 exequias
341 3698 363 3745 G
382 3696 415 3762 (V
433 3711 467 3748 us.
483 3696 523 3763 2):
543 3692 690 3762 obsequiae
709 3698 761 3745 AV
778 3711 812 3749 uz.
829 3700 839 3746 1
858 3695 915 3762 1149
935 3692 1012 3746 dieat
1030 3694 1121 3761 (51151
1136 3693 1206 3760 quid
1221 3713 1285 3762 pro·

138 3783 203 3836 sunt
221 3797 238 3839 ς
251 3783 260 3850 l
274 3787 308 3835 55
329 3781 487 3849 Quidquam
505 3785 528 3832 A
544 3783 547 3850 l
565 3798 645 3850 cyrce
664 3787 715 3834 Ao
728 3784 738 3852 l
752 3788 785 3836 56
804 3781 908 3836 tessala
926 3786 978 3834 AV
990 3783 1000 3850 ll
1014 3786 1047 3836 58
1062 3781 1224 3849 Ypomanes
1239 3788 1287 3836 AV

137 3870 146 3942 Η
165 3877 198 3925 59
219 3870 248 3924 Si
266 3869 349 3925 modo
369 3875 391 3921 (5
409 3871 444 3940 (et
462 3874 485 3920 V
503 3886 554 3941 usq.
574 3887 608 3924 ur.
628 3873 667 3940 2):
688 3870 718 3924 Si
735 3888 791 3925 non
809 3874 859 3922 AV
873 3887 907 3925 ru.
925 3877 948 3939 1,
967 3887 986 3936 g
999 3871 1008 3938 ΙΙ
1023 3875 1057 3923 60
1075 3868 1166 3923 malas
1180 3870 1299 3943 herbas,

136 3959 319 4014 Burmannus

208 4047 242 4102 V.
278 4046 423 4102 Inuocatio
442 4045 528 4117 phebi
547 4049 576 4101 55
599 4045 657 4101 eius
681 4047 779 4102 laudes
805 4047 835 4118 [l.
859 4062 882 4101 e.
906 4045 950 4117 V].
988 4047 1048 4100 Ru.
1086 4050 1144 4099 AV.
1181 4045 1287 4117 Elegia

137 4137 307 4191 sexuum.
327 4152 377 4191 ree.
397 4137 429 4190 iu
448 4141 463 4189 2
484 4137 533 4190 liu.
551 4137 656 4191 iuterst.
676 4138 708 4191 de
726 4137 777 4190 hue
795 4136 880 4204 eleqiu
903 4151 921 4188 a
946 4133 1057 4188 Tibullo
1079 4151 1135 4189 uou
1159 4136 1287 4204 perfecto

136 4229 161 4278 ct
180 4242 197 4278 a
215 4225 282 4278 libri
299 4225 411 4279 secuudi
434 4225 535 4279 editore
557 4225 723 4293 interpolata
747 4224 781 4291 cf.
805 4239 874 4293 quae
897 4224 1016 4277 disserui
1040 4223 1154 4279 ‘Tiburi
1177 4225 1284 4280 Rieu?

131 4329 162 4381 p.
182 4317 217 4365 24
234 4328 289 4381 sqq.
303 4315 342 4381 113
361 4328 406 4366 me
424 4313 536 4382 sempsit
555 4315 584 4367 te
604 4318 622 4364 0
640 4315 644 4382 Ι
659 4313 772 4367 uocales
790 4313 851 4366 hub.
872 4311 948 4366 Fris.
966 4315 970 4383 Ι
986 4313 1084 4367 cordas
1098 4317 1149 4364 AV
