2858 4994
468 276 640 331 trannin
659 279 714 333 EL.
735 286 759 334 1.
778 287 803 334 2.
823 288 849 335 3.

207 437 254 501 Et
276 436 356 501 fleat
379 442 456 502 ante
480 461 589 503 meum
613 445 738 504 maesta
762 440 890 507 Neaera
913 464 1036 528 rogrmi.

159 541 228 607 Sed
251 545 365 608 ueniat
390 567 484 609 carae
508 546 623 610 matris
647 549 802 612 comitata
825 549 949 615 dolore:

206 650 357 717 Maereat
379 652 459 716 haec
483 674 614 738 genero,
636 657 778 718 maereat
802 656 860 718 illa
882 657 961 722 uiro.

73 770 114 819 15
159 755 339 822 Praefatae
363 762 440 823 ante
463 781 554 823 meos
576 759 691 824 Manes
715 761 920 844 animamque
943 768 1093 846 precatae
1125 803 1131 814 ·

208 862 430 949 Perfusaeque
449 866 521 949 pias
545 869 621 929 ante
644 867 768 949 liquore
791 890 917 950 manue,

157 968 243 1034 Pars
268 993 353 1056 quae
377 972 448 1037 sola
472 973 536 1036 mei
560 973 728 1055 superabit
752 975 907 1057 corporis
930 997 1005 1039 ossa

205 1077 375 1143 Incinctae
398 1079 494 1162 nigra
518 1079 656 1142 candida
679 1083 768 1143 ueste
792 1081 912 1164 legent.

156 1184 206 1248 Et
228 1185 373 1268 primum
395 1207 524 1249 annoso
548 1189 705 1269 spargent
727 1186 866 1250 collecta
888 1187 1008 1271 Lyae0,

75 1305 115 1354 2ο
206 1289 286 1355 Mox
308 1292 409 1356 etiam
432 1293 528 1356 niueo
553 1291 688 1354 fundere
712 1293 795 1356 lacte
818 1298 944 1375 parent,

158 1395 243 1460 Post
265 1397 348 1462 haec
371 1398 537 1462 carbaseis
561 1397 731 1462 humorem
754 1399 867 1462 tollere
892 1400 973 1464 uelis

208 1502 318 1586 Atque
341 1505 376 1567 in
399 1525 581 1567 marmorea
604 1526 725 1586 ponere
750 1504 836 1568 sicca
858 1503 964 1568 domo.
1051 1550 1057 1559 -

159 1607 244 1674 Illuc
269 1633 350 1695 quas
374 1610 479 1674 mittit
501 1610 592 1674 diues
617 1609 780 1674 Panchaia
804 1632 925 1674 merces

207 1715 337 1801 Eoique
359 1714 497 1799 Arabes,
519 1717 651 1802 pinguis
675 1719 708 1780 et
730 1715 876 1800 Assyria,

85 1835 124 1885 25
170 1821 216 1885 Et
238 1823 347 1886 nostri
370 1843 531 1886 memores
555 1822 708 1886 lacrimae
730 1821 907 1886 frmdantur
929 1823 1056 1886 eodem:

207 1925 260 1992 Sic
285 1949 347 2013 ego
368 1928 521 2011 componi
544 1951 658 1992 uersus
682 1929 716 1991 in
740 1951 814 1993 ossa
837 1929 945 1992 uelim.

160 2031 225 2098 Sed
248 2034 379 2098 tristem
402 2035 519 2099 mortis
543 2035 744 2100 demonstret
767 2037 877 2100 littera
900 2059 1010 2099 casum

109 2210 117 2219 ,
206 2141 316 2224 Atque
340 2141 421 2205 haec
444 2141 478 2204 in
502 2143 621 2206 celebri
646 2143 791 2206 carmina
813 2143 921 2207 fronte
943 2147 1049 2208 notet:

163 2245 365 2331 ‘Lygdamus
388 2246 443 2311 hic
466 2249 549 2311 situs
574 2252 636 2311 est:
660 2248 754 2312 dolor
776 2247 851 2311 huic
875 2252 907 2310 et
931 2271 1007 2314 cura
1029 2249 1184 2335 Neaerae,

81 2369 121 2418 ao
207 2349 366 2438 Coniugis
390 2357 529 2437 ereptae,
553 2374 652 2417 eausa
674 2352 779 2435 perire
802 2352 889 2416 fuit?

91 2689 115 2757 3
165 2688 250 2765 Quid
273 2689 409 2774 prodest
432 2689 557 2753 caelum
580 2689 668 2752 uotis
692 2689 854 2772 implesse,
877 2689 1013 2774 Neaera,

206 2796 395 2879 Blandaque
419 2818 493 2859 cum
516 2795 619 2859 multa
642 2799 717 2858 tura
740 2795 866 2860 dedisse
890 2818 993 2880 prece,

159 2901 238 2967 Non
260 2906 299 2967 ut
322 2902 497 2967 marmorei
520 2901 683 2984 prodirem
707 2926 724 2966 c
748 2904 859 2966 limine
883 2905 970 2986 tecti,

206 3008 351 3094 Insignis
376 3009 465 3072 clara
489 3009 745 3092 conspicuusque
769 3009 874 3092 domu,

100 3131 118 3180 5
157 3115 229 3180 Aut
251 3119 289 3178 ut
312 3115 418 3179 multa
441 3115 506 3178 mei
530 3119 727 3180 renouarent
749 3116 861 3200 iugera
883 3117 969 3180 tauri

204 3222 250 3287 Et
272 3241 410 3306 magnas
434 3243 557 3284 messes
580 3224 668 3285 terra
684 3214 833 3305 ¹benigna
857 3222 956 3307 daret,

159 3327 223 3394 Sed
246 3333 355 3393 tecum
378 3331 416 3393 ut
438 3329 557 3412 longae
583 3329 739 3392 sociarem
763 3329 881 3413 gaudia
903 3331 990 3394 uitae

204 3435 307 3520 Inque
330 3439 387 3500 tuo
412 3436 541 3500 caderet
565 3439 680 3500 nostra
703 3438 834 3500 senecta
857 3436 930 3502 sinu

141 3700 211 3757 Via
227 3720 302 3756 sacr.
337 3705 370 3753 15
385 3701 516 3768 precatae
531 3711 560 3755 ςε
574 3700 672 3768 rogate
687 3702 734 3765 Ag
747 3700 864 3768 rogatae
877 3702 900 3750 V
913 3700 1010 3771 togate
1026 3701 1070 3769 211
1086 3706 1117 3754 17
1133 3701 1218 3771 quae]

59 3796 90 3847 V
108 3808 163 3861 my.
182 3808 217 3845 m.
237 3796 254 3844 2
273 3805 385 3859 quoquo
402 3792 412 3859 ΙΙ
432 3795 465 3844 18
490 3790 598 3859 legent,
622 3789 633 3842 l
656 3805 689 3842 aa
708 3804 776 3843 corr.
797 3794 831 3855 (ὴ
856 3788 953 3857 legant
976 3792 1001 3842 ct
1024 3789 1158 3857 spargant
1177 3804 1193 3845 ς
1212 3789 1221 3859 ll

61 3887 101 3936 19
124 3880 191 3949 lyco
214 3884 239 3931 A
260 3878 318 3936 lieo
337 3884 387 3933 GV
404 3881 415 3948 ΙΙ
432 3885 466 3934 21
491 3879 563 3933 uelis
587 3880 641 3948 (uel
664 3878 754 3947 uictis)
779 3879 862 3932 Itali:
887 3877 979 3932 uentis
1003 3882 1021 3928 0
1045 3878 1109 3930 linis
1134 3879 1161 3933 I.
1180 3878 1218 3932 H.

66 3968 259 4038 Voaaiual23
280 3969 350 4024 llluc
370 3984 398 4026 ςε
418 3968 481 4023 Illic
500 3971 592 4038 ⁰l24
607 3967 711 4034 Heoiq;
730 3984 763 4021 ex
778 3984 846 4021 corr.
863 3970 883 4016 G
900 3968 903 4034 l
920 3965 1032 4036 pinguis
1052 3981 1080 4023 ςε
1101 3966 1179 4020 diues
1200 3972 1219 4019 0

62 4057 70 4131 Ι
93 4056 197 4112 assiria
213 4061 264 4109 AV
278 4058 336 4127 {125
355 4055 540 4124 la·-}crimae,
565 4072 632 4109 cea
651 4072 718 4109 corr.
739 4060 761 4107 2
779 4057 788 4124 ΙΙ
808 4061 841 4109 27
861 4071 956 4108 casum
976 4059 1012 4108 G:
1037 4071 1150 4109 causam
1170 4059 1221 4107 AV

59 4146 72 4218 ss
86 4150 125 4201 22
139 4143 293 4215 Ligdamus
307 4149 358 4197 AV
375 4147 380 4213 Ι
396 4145 426 4198 et
440 4162 506 4199 cura
526 4162 557 4211 g:
573 4145 603 4198 et
617 4161 683 4198 cara
697 4149 718 4195 (l
733 4146 768 4213 (ct
781 4148 804 4194 V
817 4161 851 4197 m.
866 4148 882 4196 2
897 4145 962 4211 my.)
977 4145 1005 4197 et
1019 4151 1052 4197 ca
1066 4146 1110 4213 (=
1125 4145 1220 4213 causa)

61 4238 121 4289 AV
139 4251 174 4290 m.
195 4240 210 4288 1
228 4233 376 4304 {Neaerae
395 4234 479 4288 Itali:
498 4249 583 4288 neera
601 4237 621 4285 0

139 4320 165 4377 8.
195 4321 241 4376 Ad
262 4338 385 4376 neeram.
414 4321 477 4374 Rea.
505 4325 556 4373 AV
584 4319 684 4390 Elegia
700 4320 741 4389 ΙΙΙ
765 4325 787 4371 b
809 4337 843 4373 m.
863 4336 914 4373 rec.
934 4321 966 4373 iu
984 4326 1000 4374 2
1020 4321 1068 4374 lia.
1088 4321 1191 4376 lateret.
1211 4320 1220 4392 Η

60 4418 81 4469 3
101 4412 188 4468 thura
207 4411 281 4480 0116
300 4411 397 4485 daret,
415 4429 430 4464 r
448 4427 481 4464 ex
495 4427 564 4464 corr.
586 4412 658 4479 (llll
680 4409 786 4464 sociare
806 4414 840 4463 G:
861 4407 1001 4463 sociarent
1018 4412 1069 4461 AV
