2858 4994
490 288 776 346 Paonnsonnnn.
1164 288 1203 342 IX

57 454 94 517 iu
113 452 257 534 eueruplis
276 453 440 517 exscribere
457 456 613 517 couteutus
624 453 683 536 fui,
701 453 754 517 secl
771 457 800 517 et
811 453 912 517 doctos
929 456 1019 534 atque
1032 453 1205 518 illustratos

57 559 208 637 homiues,
231 560 285 640 qui
306 558 513 623 buiusceruocli
529 564 708 640 poematum
731 558 861 623 studiosi
882 558 1040 639 babeutur,
1066 580 1124 642 quo
1148 559 1205 624 tibi

56 667 161 746 quoool
174 686 293 746 posscru
313 665 523 747 iucorrupturu
543 686 618 748 opus
633 667 838 748 perducerem,
861 664 955 729 obisse
975 670 1005 729 et
1021 666 1151 748 aliquot

56 792 96 836 coc
118 772 216 836 Prato
239 772 435 836 Floreuuaru
459 768 533 857 (sic)
562 773 621 835 iter
642 771 795 849 habuisse,
826 770 880 834 ubi
904 768 1090 853 Seropbiuur
1114 772 1204 839 Urbi·

56 884 174 962 uoteur,
206 879 379 943 Iobauueru
401 878 594 961 Proteuseru‚
627 877 814 942 Nicbotauru
839 877 1005 942 Nicboluru
1032 899 1069 943 ac
1096 884 1205 945 ceteros

56 1006 125 1049 uua
147 986 283 1050 alterare
306 986 342 1049 cle
364 1005 397 1048 re
418 984 570 1048 cousultos
590 984 733 1063 facereru.
764 1004 839 1048 uam
861 984 938 1065 quiet
959 984 1023 1064 ipse
1045 986 1136 1065 quasi
1157 986 1203 1051 cli-

56 1092 133 1155 uiuo
162 1092 294 1172 quodam
320 1091 400 1171 flatu
421 1089 619 1173 profecerim,
650 1091 685 1154 iel
704 1093 871 1172 praetereo.
916 1093 993 1152 certe
1019 1110 1121 1154 uacua
1147 1112 1205 1173 que

55 1198 187 1279 fuuout
207 1201 355 1261 uetustate
381 1201 438 1261 out
459 1197 642 1278 scriptorum
669 1198 749 1261 uicio
772 1197 940 1278 deperdita,
970 1216 1034 1260 uuo
1056 1200 1092 1261 ut
1113 1198 1206 1262 aiuut

58 1325 128 1368 ruca
151 1309 178 1368 te
202 1303 287 1386 [lege
306 1305 416 1383 ruorte]
440 1303 590 1385 suppleui.
625 1325 718 1385 ueque
741 1308 843 1367 torucu
865 1303 969 1385 omisi,
992 1303 1021 1366 si
1041 1304 1204 1385 quicquam

57 1416 87 1474 et
114 1410 152 1474 ab
175 1411 278 1473 ceteris
305 1398 380 1472 esset
405 1409 558 1492 additura,
589 1414 625 1474 ut
646 1431 684 1474 eu
706 1410 772 1491 ipso
794 1409 926 1492 spectari
948 1410 1092 1490 opusculo
1112 1411 1205 1490 facite
1280 1457 1281 1461 ,
1304 1433 1309 1444 ·

53 1522 161 1601 potest.
207 1515 372 1580 aolruocluru
389 1536 495 1596 pauca
522 1519 558 1579 ut
580 1516 689 1597 opiuor
715 1515 750 1579 iu
774 1519 837 1578 toto
860 1535 955 1580 causo
982 1537 1030 1580 rue
1050 1518 1206 1600 frrpuuut,

58 1629 88 1688 et
116 1645 152 1687 ea
181 1623 262 1687 uotis
289 1623 450 1704 ossiouato
477 1623 589 1702 reliqui
614 1622 718 1686 ceteris
747 1626 804 1685 out
830 1622 892 1703 ipsi
921 1623 1014 1687 etiaru
1043 1622 1134 1702 ruibi,
1165 1624 1206 1688 si-

58 1732 182 1812 quaudo
202 1730 326 1794 liberius
345 1730 444 1793 ociuru
461 1749 512 1793 cro
529 1733 639 1793 uoetus
657 1733 686 1792 et
698 1729 847 1793 ruaioreru
864 1731 985 1812 copioru
1002 1729 1207 1814 uoluruiuuur,

59 1859 97 1902 eu
123 1837 231 1918 arcibus
258 1837 392 1901 absolata
420 1837 509 1921 [lege
538 1836 684 1918 obsoleta]
712 1841 896 1918 repetautur.
941 1838 1059 1902 iuterea
1084 1837 1206 1918 qualern

60 1943 141 2008 buuo
152 1944 286 2026 proiucle
305 1943 389 2026 lepos,
409 1944 483 2006 auru
501 1943 656 2025 iutellipos
673 1943 728 2007 boo
745 1964 808 2007 uorr
826 1963 887 2008 osse
904 1944 1036 2008 alteruru
1053 1945 1088 2007 iu
1107 1944 1207 2007 Italia

58 2051 322 2130 iucorruptioreru.
369 2054 499 2113 ceterum
527 2051 641 2130 etipse
663 2050 849 2132 aduigilabis
871 2054 907 2114 ut
927 2055 956 2114 et
971 2070 1031 2132 per
1054 2054 1081 2112 te
1103 2049 1205 2112 uoltis·

58 2158 157 2221 simus
179 2160 207 2219 et
228 2156 436 2220 securrissiruus
452 2161 545 2237 poeto
567 2157 716 2238 quopiuru
738 2176 775 2220 eu
791 2159 884 2238 parte
905 2157 1074 2221 reuiuiscat
1095 2175 1132 2219 ac
1149 2155 1208 2237 fiat

58 2263 219 2328 illustrior.
262 2262 344 2326 Vol.

150 2407 204 2470 Eu
226 2406 323 2470 Prato
347 2365 380 2468 ll
399 2405 471 2469 Kar
489 2406 653 2469 decerubres
675 2409 769 2469 1434.

149 2582 275 2647 Horum
307 2583 409 2667 igitur
441 2581 599 2647 Italorum
636 2581 828 2647 coniecturis
863 2582 1206 2668 emendationibusque

61 2689 152 2777 (nam
182 2713 258 2754 sane
286 2690 372 2753 haud
400 2711 474 2753 raro
502 2689 670 2772 praeclara
698 2710 796 2772 opera
827 2690 1026 2772 corruptelas
1055 2690 1206 2774 antiquas

62 2794 277 2882 sustulerunt)
302 2794 464 2883 liberrime
485 2794 638 2859 inmutati
658 2799 734 2858 sunt
752 2794 827 2858 libri
850 2794 925 2858 inde
944 2796 985 2860 ab
1005 2794 1125 2861 saeculi
1144 2794 1206 2860 XV

61 2904 155 2968 initio
184 2902 307 2966 exarati
335 2905 463 2966 tantuna
490 2923 557 2965 non
584 2922 705 2965 omnes.
752 2901 950 2965 examinanti
977 2906 1085 2966 autem
1111 2902 1206 2967 istius

60 3009 149 3074 modi
176 3008 302 3072 codices
336 3029 408 3070 eum
436 3004 717 3071 Lachmannianos
746 3009 816 3070 tum
844 3009 967 3070 ceteros
994 3007 1117 3089 passim
1149 3030 1208 3091 per

60 3116 276 3181 bibliothecas
309 3135 453 3197 sparsos,
487 3133 622 3196 quorum
650 3112 778 3195 quidem
807 3113 900 3197 copia
930 3114 997 3177 siue
1025 3112 1106 3177 mihi
1137 3114 1205 3179 siue

61 3223 174 3288 amicis
198 3222 285 3285 facta
309 3224 371 3302 est,
394 3219 489 3283 facile
513 3218 677 3303 apparuit,
700 3239 808 3283 eorum
835 3219 930 3303 longe
953 3219 1122 3314 plurimos·
1134 3243 1206 3304 par·

60 3329 121 3391 tim
140 3349 179 3393 ex
196 3328 226 3391 A
249 3327 368 3410 partim
387 3322 468 3389 exV
486 3345 544 3408 per
561 3323 671 3388 uarios
690 3324 809 3408 gradus
827 3324 959 3388 fluxisse
978 3325 1074 3389 latius
1093 3325 1206 3391 latius·

61 3456 122 3517 que
146 3438 178 3498 et
201 3432 449 3515 interpolatione
474 3434 506 3494 et
525 3430 755 3513 deprauatione
778 3431 936 3514 paulatim
957 3435 1115 3515 serpente.
1144 3432 1207 3498 hoc

61 3545 172 3605 tamen
196 3539 384 3624 quaestione
408 3541 457 3602 est
480 3537 628 3621 dignum,
657 3560 735 3601 num
760 3540 958 3602 correctores
982 3537 1039 3601 isti
1062 3536 1138 3602 Itali
1162 3541 1206 3602 al-

61 3651 167 3710 terum
191 3646 338 3709 diuersae
362 3645 472 3728 stirpis
494 3643 637 3708 codicem
656 3646 820 3707 uetustum
845 3642 1051 3711 adhibuerint
1074 3646 1206 3712 ansolo

62 3753 130 3816 nixi
148 3752 280 3836 ingenio
300 3773 368 3814 rem
388 3750 521 3833 egerint.
555 3753 588 3813 et
605 3748 768 3813 Lucienus
789 3748 917 3832 quidem
936 3747 1110 3813 Muellerus
1134 3773 1207 3815 cum

62 3858 187 3923 uideret
214 3856 407 3921 lectionibus
438 3856 604 3921 nonnullis
635 3860 858 3939 excerptorum
885 3855 1106 3920 Parisinorum
1133 3880 1206 3941 pro-

61 3965 141 4049 priis
164 3964 302 4028 infectos
327 3984 396 4027 esse
419 3963 472 4027 hic
495 3962 563 4027 illic
587 3963 712 4046 aliquot
731 3962 832 4027 libros
855 3962 1108 4046 recentissimos,
1130 3964 1207 4029 hinc

62 4071 283 4156 grammaticis
306 4070 397 4134 Italis
426 4070 460 4133 in
483 4070 633 4134 manibus
656 4070 758 4134 fuisse
781 4069 854 4151 ipsa
875 4069 933 4134 illa
959 4074 1109 4153 excerpta
1132 4092 1206 4135 con·

62 4178 159 4242 clusit
190 4177 306 4260 [praef.
331 4176 371 4240 ad
394 4176 465 4241 Tib.
493 4200 523 4261 p.
547 4175 623 4256 ΧΠ.
669 4176 753 4259 quod
780 4176 871 4239 nullo
900 4179 988 4239 certo
1017 4182 1206 4260 argumento

63 4287 173 4369 potest
201 4283 405 4367 conprobari.
451 4283 559 4368 itaque
582 4281 643 4346 hac
668 4282 760 4345 inre
787 4303 853 4345 non
877 4283 982 4345 minus
1006 4281 1131 4346 fallitur
1157 4284 1208 4348 uir

64 4391 176 4455 doctus
204 4412 302 4475 quam
328 4390 362 4454 iu
385 4411 423 4455 eo
448 4390 533 4474 quod
556 4388 731 4453 Francisco
754 4388 871 4452 Puceio
900 4389 1063 4470 exemplar
1086 4391 1207 4457 nostris
