2858 4994
136 210 180 274 20
536 206 683 261 TIBULLl
702 206 768 260 LIB.
788 206 809 259 I.
829 211 852 260 5.
876 212 900 258 6.

272 389 382 473 Ianua,
406 387 462 452 sed
485 389 582 472 plena
606 390 657 451 est
679 384 890 469 percutienda
912 403 1020 446 manu.

229 495 276 560 At
298 500 343 578 tu,
366 495 420 579 qui
443 496 551 579 potior
574 516 659 559 nunc
682 515 726 575 es,
749 514 822 556 mea
845 491 913 555 fata
935 490 1064 555 timeto:

157 620 191 669 ἰο
272 601 431 667 Uersatur
453 601 549 667 celeri
571 599 653 666 Fors
677 599 757 664 leuis
781 599 860 663 orbe
883 600 982 660 rotae.

227 708 304 774 Non
326 709 448 773 frustra
471 707 603 791 quidam
626 707 691 770 iam
713 727 799 770 nunc
822 704 857 767 in
880 704 990 768 limine
1013 705 1143 786 perstat

274 815 410 881 Sedulus
435 837 472 879 ac
495 815 607 879 crebro
630 813 789 897 prospicit
810 833 848 876 ac
870 811 1002 896 refugit,

232 923 277 987 Et
300 922 432 986 simulat
454 921 592 984 transire
616 919 756 1001 domum,
779 941 854 983 mox
878 917 991 981 deinde
1015 916 1155 980 recurrit

276 1027 370 1093 Solus
394 1031 427 1092 et
450 1032 525 1091 ante
548 1027 637 1109 ipsas
662 1026 789 1090 excreat
807 1046 908 1108 usque
930 1022 1026 1087 fores.

159 1149 192 1198 75
229 1132 347 1198 Nescio
372 1133 448 1217 quid
471 1132 610 1197 furtiuus
635 1154 726 1197 amor
749 1133 852 1214 parat.
888 1133 978 1193 utere
998 1150 1129 1213 quaeso,

241 1310 243 1315 ⁴
275 1239 361 1303 Dum
384 1239 475 1302 lieet:
499 1239 533 1302 in
557 1239 680 1323 liquida
702 1242 760 1302 nat
782 1236 843 1301 tibi
867 1237 961 1300 linter
984 1258 1076 1319 aqua.

610 1435 822 1444 .-—-———-—-

684 1597 744 1669 VI.

233 1735 376 1821 Semper,
398 1741 435 1801 ut
458 1737 600 1820 inducar,
623 1735 761 1800 blandos
786 1734 881 1799 offers
905 1734 985 1798 mihi
1007 1735 1128 1813 uultus,

279 1842 360 1908 Post
382 1847 493 1907 tamen
517 1865 550 1908 es
574 1842 693 1906 misero
717 1840 821 1904 tristis
845 1844 878 1903 et
901 1863 1004 1923 asper,
1027 1839 1141 1904 Amor.

236 1948 319 2025 Quid
342 1949 403 2013 tibi
423 1950 579 2014 saeuitiae
602 1970 727 2013 mecum
751 1946 823 2011 est?
847 1969 890 2010 an
913 1947 1018 2031 gloria
1040 1968 1163 2031 magna
1188 1951 1242 2011 est

279 2055 419 2120 Insidias
442 2055 566 2120 homini
589 2054 808 2139 composuisse
832 2052 949 2118 deum?

166 2178 181 2226 5
218 2161 288 2226 Iam
307 2161 387 2225 mihi
411 2160 587 2225 tenduntur
610 2181 726 2242 casses,
748 2159 814 2222 iam
838 2158 933 2223 Delia
956 2159 1067 2224 furtim

100 2350 103 2357 ι
173 2312 176 2318 ·
279 2267 399 2333 Nescio
424 2288 518 2350 quem
541 2266 642 2330 tacita
665 2265 783 2329 callida
805 2268 900 2329 nocte
924 2267 1023 2331 fouet.

238 2375 299 2439 Illa
318 2374 446 2458 quidem
469 2373 577 2438 iurata
599 2377 708 2459 negat,
732 2373 787 2437 sed
811 2374 939 2438 credere
963 2374 1078 2438 durum
1102 2377 1170 2438 est:

219 2623 329 2676 Tssrru.
366 2620 406 2675 VI
430 2627 445 2675 7
465 2638 525 2689 sqq.
563 2619 709 2675 Ouidius
727 2618 800 2673 trist.
819 2620 846 2673 H
864 2626 915 2675 447
936 2638 1009 2688 sqq.;
1035 2619 1166 2674 ‘Credere
1191 2619 1297 2674 iuranti

148 2711 248 2765 durum
270 2711 353 2780 putat
376 2726 435 2764 csse
455 2709 596 2777 Tibullus,
626 2708 671 2764 Sic
699 2709 785 2762 etiam
814 2709 848 2762 de
876 2725 905 2763 se
934 2709 1009 2777 quod
1036 2710 1121 2779 neget
1147 2709 1201 2762 illa
1231 2709 1297 2764 uiro.

148 2800 258 2854 Fallere
283 2786 411 2853 custodes
434 2798 510 2852 idem
533 2797 660 2852 docuisse
683 2796 800 2864 fatetur,
829 2798 920 2866 Seque
939 2814 989 2851 sua
1008 2797 1140 2852 miserum
1163 2816 1242 2852 nunc
1262 2799 1300 2853 ait

148 2890 208 2943 arte
226 2885 324 2956 premi.
354 2886 456 2956 Saepe,
484 2886 562 2941 uelut
587 2903 728 2956 gemmam
752 2884 881 2940 dominae
906 2886 1050 2956 signnmue
1069 2887 1218 2956 probaret,
1248 2889 1301 2942 Per

149 2992 262 3032 causam
280 2974 410 3029 meminit
434 2992 463 3030 se
486 2975 613 3045 tetigisse
636 2992 758 3031 manum.
786 2975 878 3043 thue
901 2975 1000 3045 refert,
1027 2975 1122 3045 digitis
1145 2993 1234 3046 saepe
1260 2981 1302 3031 est

149 3067 274 3133 nutuque
297 3065 416 3132 locutus,
444 3064 482 3119 Et
499 3065 616 3119 tacitam
635 3081 748 3119 mensae
767 3064 846 3119 duxit
869 3065 899 3118 in
917 3065 983 3120 orbe
1002 3067 1113 3132 notam3
1136 3065 1174 3118 Et
1197 3065 1301 3134 quibus

150 3171 165 3208 e
193 3153 267 3207 sucis
295 3143 379 3207 abeat
406 3154 440 3207 de
464 3153 687 3222 corporalium,
714 3154 852 3224 Impresso
875 3154 936 3208 fieri
955 3154 1003 3222 qui
1027 3155 1177 3223 solatore,
1207 3155 1301 3209 docet.

149 3238 276 3309 Denique
303 3241 339 3295 ab
360 3241 473 3296 incauto
496 3241 613 3295 nimium
636 3242 709 3312 petit
730 3242 780 3297 illa
804 3242 920 3310 marito,
949 3242 984 3296 Se
1003 3260 1114 3312 quoque
1132 3243 1176 3297 uti
1196 3246 1301 3311 seruet,

150 3331 249 3399 peccet
271 3331 304 3382 ut
325 3329 376 3384 illa
399 3329 498 3385 minus.
542 3329 602 3384 Scit
624 3330 668 3383 cui
691 3331 823 3399 latretur,
847 3348 911 3384 cum
938 3330 1013 3384 solus
1039 3330 1204 3385 obambulet
1226 3331 1304 3400 ipse3

152 3417 207 3471 Cur
224 3417 327 3472 totiens
346 3419 455 3473 clausas
479 3418 591 3474 excreat
613 3420 678 3473 ante
701 3419 775 3475 fores
794 3419 840 3488 [cf.
861 3420 894 3488 V,
910 3422 964 3487 74].
997 3419 1142 3487 Multaque
1161 3419 1213 3472 dat
1231 3420 1304 3474 furti

151 3505 218 3560 talis
236 3509 389 3577 praecepta
407 3508 553 3578 docetque,
573 3508 635 3574 Qua
652 3510 758 3576 nuptae
777 3508 886 3578 possint
904 3508 1002 3563 fallere
1021 3509 1057 3563 ab
1075 3509 1136 3562 arte
1154 3507 1240 3565 uiros.

223 3718 291 3774 Vra.
310 3739 384 3775 asor.
422 3727 455 3775 69
479 3720 540 3775 fata
565 3721 706 3775 Muretus:
730 3721 844 3776 furtao
867 3724 877 3791 ΙΙ
900 3728 933 3776 70
957 3723 1056 3776 tabeat
1077 3721 1155 3775 Fris.
1179 3727 1204 3775 et
1231 3723 1304 3779 Par.

154 3810 229 3878 [baec
246 3810 299 3864 itu:
318 3828 344 3866 u.
364 3826 387 3866 c.
405 3809 463 3864 fors
483 3811 552 3878 (sors
569 3811 597 3878 n)
616 3809 687 3864 leuis
707 3810 773 3864 orbe
792 3813 849 3879 (ore
868 3814 895 3881 p)
915 3810 970 3866 cito
990 3811 1063 3879 (cibo
1082 3810 1120 3880 p)]
1140 3811 1150 3879 l
1170 3815 1202 3863 '11
1224 3811 1305 3884 Non]

152 3897 226 3952 Nam
245 3901 267 3949 t}
283 3899 294 3967 ΙΙ
312 3904 345 3952 72
364 3915 397 3952 ac
416 3903 448 3952 0:
468 3901 553 3956 ants
575 3901 643 3969 ΙΙ-74
660 3916 747 3968 usque
766 3906 800 3954 G:
819 3900 879 3969 ipse
898 3902 1018 3969 Avtl‘lt
1037 3901 1088 3954 nat
1106 3903 1140 3952 G:
1163 3915 1230 3953 nam
1249 3906 1307 3953 AV

154 3987 210 4055 (sed
232 3987 264 4040 ia
286 3987 335 4041 hoc
356 4003 408 4055 mp.
426 4004 461 4040 m.
479 3970 497 4040 ¹2
516 3989 576 4056 nat)

224 4075 271 4130 VI.
308 4074 408 4145 Elegia
426 4077 505 4131 sexta
527 4081 549 4128 G
572 4094 606 4131 ra.
625 4093 676 4131 rec.
701 4078 733 4131 a'a
751 4082 767 4131 2
786 4077 835 4132 liu.
858 4077 1013 4132 interstitio.
1052 4075 1241 4145 Conqueritur
1266 4080 1306 4134 ad

155 4165 286 4220 Amorem
305 4165 380 4234 quod
398 4165 474 4220 delia
493 4167 569 4219 amet
588 4167 617 4219 et
634 4166 727 4221 uirum
746 4165 880 4220 admonet
897 4167 973 4234 quod
995 4165 1049 4221 sibi
1072 4183 1129 4220 non
1152 4166 1252 4222 credat
1275 4172 1308 4224 et

154 4253 253 4308 laudat
271 4253 362 4308 deliae
380 4255 507 4308 matrem.
531 4254 591 4309 Rea,
610 4258 661 4306 AV
683 4256 693 4324 l
716 4261 732 4308 3
757 4253 892 4309 saeuitiae
920 4261 1091 4324 corruptum
1119 4271 1202 4310 saeue
1231 4275 1306 4326 puer

156 4341 228 4395 Itali
240 4342 280 4410 115
299 4342 359 4396 Iam
377 4346 411 4395 G:
430 4342 505 4396 Nam
522 4346 573 4394 AV
586 4343 625 4411 117
644 4342 737 4398 iurata
754 4333 894 4415 Heyaius:
913 4346 974 4398 tam
992 4344 1082 4400 multu
1101 4348 1121 4396 0
1233 4395 1236 4399 .
