2858 4994
562 269 736 326 SULPIOIA.

81 434 107 500 3
160 434 236 501 Scis
260 436 323 500 iter
346 458 384 501 ex
408 435 514 500 animo
539 434 703 499 sublatum
726 434 819 499 triste
842 436 993 516 puellae?

206 542 320 608 Natali
343 542 467 607 Romae
489 543 555 606 iam
577 541 654 605 licet
677 563 747 606 esse
770 545 838 607 tuo.
931 535 934 541 ¹

159 648 322 715 Omnibus
345 650 400 713 ille
424 649 490 713 dies
514 647 608 712 nobis
632 651 700 712 tam
723 648 829 714 laetus
853 652 979 735 agatur,

209 755 315 832 Quam
337 775 396 819 nec
420 753 568 838 opinanti
590 775 676 819 nuno
698 754 759 818 tibi
782 754 866 821 forte
890 756 987 822 uenit.

540 952 752 959 ———-

79 1110 108 1176 4
163 1110 303 1176 Gratum
326 1113 385 1196 est,
409 1132 539 1175 securus
563 1111 702 1175 multum
725 1112 812 1196 quod
834 1113 900 1176 iam
922 1112 984 1177 tibi
1007 1112 1046 1177 do
1070 1134 1120 1177 me

208 1216 384 1301 PermittiS,
408 1216 578 1299 subitone
602 1217 687 1281 malo
710 1217 821 1301 inepta
844 1219 966 1285 oudam.

161 1323 215 1389 Sit
236 1323 297 1387 tibi
321 1344 397 1387 cura
419 1327 517 1407 togae
541 1324 650 1407 potior
672 1347 883 1410 pressumque
906 1328 1043 1411 quasillo

209 1430 357 1496 Scortum
382 1452 479 1514 quam
503 1428 595 1494 Serui
618 1431 687 1496 filia
711 1430 867 1515 Sulpicia:
947 1487 949 1491 .

97 1556 119 1605 5
163 1535 303 1604 Solliciti
327 1541 403 1600 sunt
425 1559 483 1620 pro
508 1537 613 1621 nobis,
636 1537 751 1620 quibus
775 1538 833 1602 illa
856 1538 960 1604 dolori
983 1544 1042 1619 est,

208 1624 258 1690 Ne
281 1624 392 1690 cedam
415 1626 529 1710 ignoto
554 1626 696 1690 maxima
718 1648 816 1691 causa
839 1631 921 1693 toro.

540 1823 752 1832 -—--—

86 1983 115 2048 ὅ
164 1983 269 2048 Estne
292 1982 364 2066 tibi,
387 1980 548 2067 Cerintho,
571 1985 646 2047 tuae
669 1983 725 2067 pia
748 2006 826 2049 oura
848 1985 975 2068 puellae

127 2148 132 2159 ,
209 2089 301 2166 Quod
324 2111 395 2153 meo
418 2111 505 2154 nuno
528 2081 628 2153 uexat
649 2111 786 2173 oorpora
809 2089 896 2154 fessa
919 2089 1029 2153 calor?

164 2197 206 2260 A!
230 2217 290 2281 ego
313 2218 380 2261 non
403 2196 498 2260 aliter
520 2196 631 2260 tristes
655 2195 801 2260 euincere
825 2196 955 2260 morbos

208 2302 365 2385 Optarim,
388 2324 485 2385 quam
506 2304 541 2366 te
564 2302 593 2366 si
616 2323 741 2386 quoque
764 2302 847 2366 uelle
869 2305 988 2385 putem.

107 2425 125 2474 t
164 2409 210 2472 At
231 2408 312 2472 mihi
335 2407 412 2491 quid
434 2409 539 2491 prosit
561 2410 693 2473 morbos
718 2408 872 2492 euincere,
896 2432 972 2494 qum
996 2412 1031 2473 tu

208 2515 331 2582 Nostra
354 2519 447 2599 potes
471 2515 560 2580 lento
583 2519 713 2599 pectore
736 2515 819 2580 ferre
843 2515 953 2581 mola?

146 2746 214 2801 Vm.
234 2766 308 2800 tuor.
345 2746 374 2800 3.
409 2744 452 2798 Ad
475 2732 631 2799 Tholatum
655 2743 826 2812 (theorstum
844 2746 877 2813 V)
900 2744 934 2798 de
957 2743 1048 2798 natali
1071 2744 1124 2798 die.
1158 2745 1219 2799 Rea,

64 2840 124 2890 AV
138 2834 173 2888 de
187 2833 276 2889 natali
290 2834 335 2887 dio
350 2839 371 2884 0
384 2851 418 2887 m.
432 2850 484 2887 rec.
500 2835 551 2890 litt.
566 2835 678 2888 matisc.
693 2831 727 2904 112
742 2833 799 2887 iam
812 2832 881 2887 licet
893 2839 926 2886 V:
945 2850 1002 2887 non
1016 2833 1088 2886 sinet
1102 2837 1121 2885 0
1136 2850 1187 2887 nos
1201 2852 1220 2901 g

69 2926 74 2997 1
93 2926 147 2978 tuo
166 2927 223 2976 01:
250 2939 299 2977 suo
320 2922 392 2976 Itali
409 2923 419 2991 11
437 2929 452 2975 3
472 2922 532 2975 tam
551 2922 641 2975 laetus
659 2923 770 2990 scripsi:
794 2921 898 2974 natalis
922 2926 940 2973 0
962 2923 1057 2977 Pluut.
1082 2938 1095 2975 e
1116 2922 1220 2990 olossu;

66 3010 193 3082 genialis
213 3010 347 3078 1101114
372 3008 460 3074 Quam
483 3011 594 3077 scripsi:
620 3008 674 3075 Qui
697 3013 716 3060 0
742 3008 838 3063 Pluut.
864 3008 943 3073 Quod
962 3009 1191 3063 Dreuoltliuhuius
1214 3010 1218 3082 1

68 3097 183 3167 opinati
201 3102 225 3149 V

146 3187 175 3245 4.
211 3187 253 3242 Do
272 3186 391 3256 sulpicia
409 3186 508 3255 (soulp.
527 3189 569 3255 A).
598 3186 660 3239 Res.
688 3190 739 3237 AV
766 3185 810 3238 Ad
829 3184 979 3254 Sulpitiam
1003 3192 1076 3240 (tm.
1096 3203 1146 3240 rec.
1167 3188 1219 3242 litt.

69 3278 187 3331 inuiusc.
210 3278 220 3346 l
244 3283 257 3330 1
281 3276 416 3329 mulctam
435 3281 469 3343 0,
489 3292 558 3329 corr.
578 3274 685 3344 gitibi
705 3290 733 3332 ςε
753 3274 822 3328 mihi
842 3279 860 3326 0
882 3274 976 3328 Pluut.
1000 3276 1010 3344 11
1032 3281 1048 3328 2
1072 3274 1218 3330 Promittis

71 3365 210 3419 Heinsius
226 3368 230 3433 1
243 3369 313 3433 puto
326 3364 401 3418 male
416 3367 493 3419 certa
512 3366 555 3432 (de
569 3369 618 3418 tua
631 3365 695 3432 tide)
709 3365 748 3432 113
769 3362 799 3418 Si
810 3395 841 3402 —
853 3365 921 3433 toga
940 3365 984 3418 est
998 3364 1133 3418 Heinsius
1148 3366 1153 3434 1
1169 3364 1220 3419 ills

71 3453 179 3509 doloris
198 3454 280 3522 (quod
298 3469 358 3506 cum
377 3469 449 3508 max.
470 3469 554 3507 causa
574 3453 754 3521 iuuqeudum)
779 3451 908 3520 Riylerus
926 3455 936 3524 11
956 3460 971 3508 6
995 3454 1037 3507 Ne
1062 3468 1091 3511 s:
1117 3453 1176 3508 Neo
1200 3458 1219 3506 0

75 3543 186 3609 Plaut.;
205 3543 269 3608 fort.
288 3543 351 3594 Neu
370 3543 405 3610 (u.
425 3559 445 3594 e.
465 3541 563 3609 quibus
582 3545 606 3593 et
625 3544 743 3594 scortum
768 3541 840 3594 iliud
858 3546 882 3594 et
901 3542 931 3594 ii
949 3558 982 3594 ue
1002 3542 1219 3596 0111110...ἀο-

74 3630 130 3685 lori
139 3630 185 3698 est)
203 3628 206 3700 1
223 3629 320 3683 oedam
336 3629 457 3682 Statius:
473 3627 584 3682 credam
600 3632 618 3679 0
636 3628 733 3682 Pluut.
751 3632 755 3695 1
772 3645 855 3682 causa
869 3633 927 3682 OF:
943 3646 1009 3682 cura
1024 3647 1042 3694 g
1058 3630 1062 3698 1
1079 3629 1160 3683 thoro
1174 3633 1220 3681 AV

147 3716 176 3773 5.
213 3718 257 3772 Ad
276 3717 433 3772 chorintum
452 3717 553 3785 (thum
572 3720 612 3785 V).
641 3717 700 3771 Rssa.
729 3720 780 3768 AV
807 3717 851 3770 Ad
870 3716 1052 3772 cherinthum
1071 3723 1093 3770 0
1115 3736 1150 3773 uu
1168 3733 1220 3772 reo.

75 3810 129 3862 litt.
147 3808 261 3862 maiust.
278 3811 312 3874 11
333 3805 382 3875 pio
400 3823 466 3859 euro
485 3806 569 3859 Itali:
588 3805 728 3874 placitura
747 3805 919 3874 oplaoiture
938 3811 960 3858 V
978 3814 1043 3861 out
1063 3807 1191 3874 gPluut.
1212 3805 1220 3875 Ι1

75 3904 91 3950 2
113 3895 193 3962 Quod
212 3900 243 3948 0:
265 3893 318 3960 Qui
337 3910 353 3952 ς
374 3895 471 3949 Pluut.
486 3895 525 3963 113
544 3893 589 3946 Ha
607 3898 630 3945 A
648 3895 693 3947 Ah
713 3898 762 3945 GV
782 3894 877 3948 Pluut.
892 3895 932 3962 114
952 3893 976 3947 si
995 3899 1026 3948 0:
1050 3894 1090 3948 sio
1109 3898 1131 3945 V
1149 3911 1183 3947 m.
1203 3901 1219 3947 2

77 3985 172 4038 Piuut.
187 3984 226 4051 115
246 3982 285 4035 At
302 3989 335 4035 V:
354 3983 399 4036 Ha
416 3987 439 4034 A
457 3983 502 4035 Ah
521 3986 573 4034 GV
589 3984 592 4050 1
609 4000 675 4050 qum
694 3984 738 4036 uel
756 4000 841 4051 quom
859 3985 970 4052 scripsi:
995 3982 1062 4052 quid
1080 3986 1131 4034 AV
1149 3999 1183 4035 ui.
1205 3988 1218 4035 1

77 4073 173 4126 Pluut.
193 4071 267 4139 quod
287 4073 313 4141 (o
332 4088 366 4125 ex
384 4074 464 4141 corr.)
483 4079 504 4126 0
522 4070 546 4124 si
565 4075 587 4122 V
606 4089 640 4125 ui.
660 4078 675 4124 ‘2
696 4089 715 4137 g
732 4071 781 4125 ubi
800 4072 922 4142 Souliqer
939 4075 949 4142 1
971 4080 986 4126 6
1004 4072 1081 4126 lento
1099 4075 1138 4124 V:
1161 4070 1219 4125 leto

76 4167 99 4214 A
117 4161 175 4232 loto
195 4165 217 4212 0
235 4161 310 4234 looto
329 4164 351 4211 V
