2858 4994
134 217 161 271 X
562 207 845 272 PROLEGOMENA.

135 380 298 444 codicibus
329 380 488 464 integrius
519 378 660 444 adfuisse
691 380 808 443 acriter
834 379 977 464 negauit.
1024 377 1160 444 Puccius
1195 379 1284 443 enim

135 507 207 550 cum
231 485 365 551 11502
390 486 429 549 ad
453 485 575 550 Tibulli
598 485 772 550 editionem
795 485 990 569 Regiensem
1013 507 1041 549 a.
1063 486 1145 550 1481
1173 507 1286 550 emen·

135 592 282 658 dationes
316 591 524 675 adscriberet,
556 591 591 654 in
623 613 677 655 eas
710 591 817 656 codice
850 591 983 674 antiquo
1017 613 1050 654 se
1081 614 1176 655 usum
1212 615 1286 656 csse

134 699 300 782 professus
334 701 392 763 est.
442 699 532 763 cuius
559 698 669 762 uerbis
698 699 795 762 fidem
822 698 938 763 habuit
965 696 1194 762 Lachmannus
1230 698 1286 782 [cf.

137 805 205 869 eius
233 805 332 889 praef.
361 829 392 888 p.
411 804 474 869 Vll
500 808 560 889 sq]
595 805 814 890 excerpsitque
842 805 915 869 inde
943 803 1098 869 lectiones
1125 806 1287 888 potiores.
1338 870 1340 889 ,

136 915 168 975 et
197 913 282 975 recte
312 910 390 974 fecit
423 911 472 975 uir
502 911 709 976 clarissimus.
761 930 851 975 nam·
868 912 974 994 ipsum
1006 913 1085 976 illud
1115 913 1287 997 exemplar

137 1016 331 1080 Puccianum
353 1015 508 1101 indagare
533 1021 565 1081 11
587 1017 635 1081 ita
657 1019 823 1102 egregium
848 1040 973 1102 quoque
996 1040 1082 1082 noua
1104 1019 1203 1102 plane
1227 1020 1286 1083 lux

137 1122 259 1185 Tibulli
283 1121 501 1187 emendationi
525 1123 710 1188 offundatur
733 1124 911 1188 subsidium
933 1125 1077 1190 nancisci
1101 1125 1182 1188 mihi
1207 1146 1286 1189 con-

135 1229 221 1313 tigit.
265 1249 338 1292 cum
360 1229 445 1292 enirn
469 1232 566 1293 antea
586 1253 653 1294 una
676 1230 822 1295 codicum
844 1230 982 1313 familia,
1005 1230 1129 1295 scilicet
1152 1231 1193 1294 ab
1219 1230 1287 1295 AV

135 1338 404 1420 propagatorum,
436 1341 514 1401 nota
536 1336 645 1420 fuerit,
677 1337 742 1401 iam
769 1338 904 1402 alteram
928 1359 1061 1422 eamque
1089 1336 1193 1400 multo
1219 1359 1286 1401 me·

134 1442 249 1506 liorem
278 1463 471 1527 cognoscere
499 1443 583 1508 licet.
633 1464 719 1508 nunc
741 1444 842 1528 igitur
870 1445 908 1508 de
932 1445 1030 1509 111111
1054 1443 1162 1508 codice
1187 1465 1207 1506 a
1232 1466 1286 1508 me

137 1549 283 1614 adhibito
306 1569 412 1633 agam.

223 1653 262 1738 G,
295 1655 395 1719 codex
423 1654 694 1740 Guelferbytanus
724 1655 797 1736 [Ms.
825 1654 908 1741 Aug.
937 1658 993 1741 82,
1020 1658 1040 1721 6
1064 1657 1149 1737 foll,
1182 1679 1286 1722 mem-

136 1762 323 1844 branaceus,
342 1760 429 1825 foliis
449 1762 600 1847 oblongis
619 1766 748 1827 constat
765 1763 818 1846 42,
837 1785 972 1846 quorum
990 1764 1111 1828 1-38⁸
1124 1763 1286 1848 Tibullus,

111 1865 288 1933 138b-42
317 1865 467 1952 Sapphus
499 1869 641 1952 epistula
670 1869 861 1934 continetur.
910 1868 996 1934 hune
1025 1870 1158 1953 librum,
1191 1870 1285 1934 cuius

135 1974 289 2038 lectiones
315 1974 461 2058 Heynius
489 1974 536 2038 nil
564 1975 603 2038 de
633 1975 791 2059 singulari
820 1976 938 2040 codicis
964 1977 1069 2060 pretio
1099 1977 1286 2060 suspicatus

136 2081 259 2164 passim
288 2082 455 2165 attulerat,
487 2081 597 2147 lenam
621 2082 851 2147 transmissum
878 2083 947 2166 ipse
976 2103 1086 2146 mense
1110 2081 1287 2148 Decembri

137 2209 165 2250 a.
200 2187 285 2252 1876
319 2189 449 2252 contuli.
502 2189 646 2252 imitatus
680 2191 730 2252 est
761 2191 869 2252 autem
901 2188 1054 2252 librarius
1088 2189 1286 2271 scripturam

136 2293 401 2378 langobardicam
435 2316 472 2357 ea
500 2297 568 2357 arte
601 2296 638 2357 ut
664 2294 769 2378 primo
802 2297 918 2378 optutu
946 2295 1066 2359 saeculi
1093 2296 1124 2359 X
1155 2296 1207 2358 uel
1236 2295 1287 2360 XI

140 2400 281 2465 codicem
309 2399 419 2463 uidere
447 2399 508 2463 tibi
535 2399 685 2465 uidearis.
730 2402 990 2466 membranarum
1017 2404 1127 2464 tamen
1156 2402 1287 2466 ratione

138 2505 252 2570 habita
275 2526 349 2570 mox
373 2505 411 2570 de
434 2507 556 2572 recenti
578 2507 667 2572 illius
691 2507 816 2592 origine
839 2508 901 2572 tibi
923 2508 1141 2591 persuadebis.
1178 2508 1288 2592 siquid

139 2616 247 2677 autem
269 2613 304 2677 in
326 2617 396 2678 arte
416 2613 687 2699 palaeographica
710 2615 808 2698 longo
831 2636 892 2678 usu
916 2615 1027 2698 calleo,
1053 2614 1180 2678 uidetur
1202 2615 1287 2679 mihi

138 2721 193 2784 ille
216 2720 301 2787 11111
328 2743 355 2784 1.
382 2721 467 2786 1425
496 2723 645 2785 exaratus
675 2741 755 2784 esse.
800 2720 926 2804 aliquot
949 2721 1110 2786 decenniis
1134 2723 1211 2804 post
1233 2721 1288 2784 uir

139 2827 253 2892 doctus
286 2827 468 2911 nescioquis
496 2827 622 2892 diuerso
650 2829 797 2910 tempore
830 2849 902 2891 cum
932 2827 967 2891 in
995 2828 1140 2912 margine
1172 2828 1287 2893 uarias

66 2988 69 2993 .
139 2933 300 3016 adspersit
327 2933 573 3017 explicationes,
605 2936 675 2998 tum
703 2933 892 2998 correctoris
920 2955 1051 2998 munere
1079 2934 1126 2997 ita
1152 2932 1286 2998 functus

140 3043 189 3104 est
212 3044 248 3104 ut
271 3040 360 3104 etin
382 3042 473 3104 textu
497 3062 595 3124 supra
617 3041 719 3104 lineas
748 3039 836 3104 etin
859 3040 1005 3124 margine
1031 3040 1139 3103 uarias
1163 3038 1286 3104 adscri-

140 3149 231 3212 beret
257 3147 425 3228 lectiones‚
457 3147 577 3229 petitas
607 3147 680 3211 illas
709 3147 829 3230 partim
860 3167 898 3210 11
925 3147 1028 3231 ipsius
1056 3147 1185 3231 ingenio
1215 3170 1286 3212 non

138 3254 186 3318 ita
209 3274 305 3336 saepe
327 3252 427 3336 felici,
450 3253 570 3336 partim
594 3275 633 3317 ex
651 3253 793 3318 familiae
812 3252 872 3318 AV
890 3253 999 3319 codice
1023 3253 1170 3336 quodam.
1202 3277 1286 3318 non-

139 3358 238 3423 nullis
262 3358 361 3423 etiam
379 3359 459 3425 11111
482 3381 586 3424 nouas
606 3360 782 3444 scripturas
804 3360 905 3425 erasis
924 3359 1070 3444 pristinis
1089 3359 1284 3427 lectionibus

139 3465 174 3529 in
203 3465 275 3548 ipso
303 3466 445 3530 restituit
472 3467 646 3532 uerborum
675 3470 826 3531 contextu
835 3466 881 3554 *);
913 3466 1046 3530 lacunas
1070 3470 1178 3530 autem
1201 3489 1284 3550 quae

141 3572 348 3656 reperiuntur
370 3572 386 3635 I
406 3574 436 3657 2,
455 3573 498 3638 25
518 3577 594 3640 ectr.
613 3597 671 3638 suo
690 3577 794 3638 marte
814 3573 965 3657 expleuit.
996 3572 1092 3637 huius
1115 3571 1178 3635 uiri
1197 3572 1284 3637 docti

141 3679 366 3743 adnotationes
398 3683 431 3744 et
460 3670 590 3745 criticae
621 3683 654 3744 11
683 3681 867 3765 exegeticae
900 3702 972 3744 cum
1002 3680 1073 3763 ipso
1106 3680 1284 3762 scripturae

141 3807 256 3871 genere
288 3788 358 3850 tum
390 3808 467 3852 uero
500 3790 683 3851 atramento
714 3785 884 3870 pallidiore
916 3787 1104 3870 plerumque
1137 3809 1156 3849 a
1185 3807 1285 3849 manu

141 3893 246 3976 prima
268 3891 362 3956 facile
385 3893 645 3979 distinguuntur3
679 3897 754 3958 sunt
776 3895 885 3957 tamen
908 3892 970 3956 loci
995 3892 1131 3976 aliquot,
1161 3893 1216 3956 ubi
1238 3893 1285 3956 in-

140 4001 232 4064 tenta
263 4020 360 4083 quam
392 4001 532 4064 maxime
565 4001 732 4065 oculorum
764 3999 832 4063 acie
865 4020 947 4083 opus
978 4001 1040 4082 111,
1077 3998 1104 4061 11
1135 4002 1284 4062 accurate

212 4244 237 4314 ³¹⁸)
258 4245 287 4300 si
300 4245 330 4300 in
343 4248 482 4317 apparatu
495 4244 593 4300 critico
608 4261 649 4298 ex.
664 4263 705 4315 gr.
720 4245 773 4312 12,
788 4251 821 4299 23
840 4245 927 4299 habes
943 4243 1039 4297 ‘docet
1057 4245 1084 4312 (o
1099 4245 1225 4312 111111.)
1241 4245 1284 4312 θ’,

140 4337 187 4392 hic
205 4334 360 4405 ceterisque
378 4333 448 4390 locis
468 4335 656 4388 comesturam
675 4350 692 4387 a
709 4351 793 4387 manu
812 4331 934 4387 secunda
952 4331 1058 4386 factam
1077 4347 1138 4386 esse
1158 4331 1238 4386 scias.
