2858 4994
439 280 584 347 risuum
603 293 670 345 uia.
691 292 712 347 7.
730 297 754 348 4.
775 297 798 344 5.

177 456 294 520 Idaeae
319 478 430 521 currus
450 456 505 519 illo
530 458 683 538 sequatur
707 453 785 537 Opis

132 565 178 628 Et
200 568 404 628 tercentenas
430 563 592 626 erroribus
617 562 746 644 expleat
768 560 863 623 urbes

62 689 96 736 70
180 672 226 735 Et
249 675 336 735 seoet
359 669 400 734 ad
422 669 584 753 Phrygios
607 668 855 732 uiliamembra
878 666 1001 731 modos.

62 797 93 843 77
134 778 248 842 Gloria
272 779 385 862 cuique
411 800 469 841 sua
494 780 556 839 est:
579 798 644 859 me,
668 775 723 858 qui
747 778 949 858 spernentur,
973 777 1120 838 amantes

184 885 397 950 Consultant:
420 884 545 948 eunctis
568 883 667 946 ianua
689 885 802 946 nostra
824 884 923 965 patet.

136 993 278 1076 Tempus
303 992 374 1075 erit,
398 1012 471 1054 oum
495 1011 546 1053 me
570 989 706 1053 Ueneris
730 992 903 1072 praecepta
925 988 1082 1052 ferentem

62 1117 98 1164 80
182 1097 505 1163 Deduoat'iuuenum
529 1096 640 1160 sedula
661 1097 758 1159 turba
782 1118 901 1159 senem.

136 1205 240 1289 Eheu,
265 1226 362 1288 quam
385 1203 554 1267 Marathus
578 1204 667 1268 lento
690 1225 742 1267 me
765 1206 895 1286 torquet
918 1204 1040 1266 amore!

183 1312 348 1375 Deficiunt
371 1313 457 1374 artes
481 1309 695 1392 deficiuntque
720 1309 794 1375 doli.

137 1418 238 1482 Paroe
262 1441 350 1502 puer,
368 1439 502 1500 quaeso,
525 1438 566 1479 ne
589 1417 693 1500 turpis
716 1417 830 1482 fabula
852 1417 937 1502 fiam,

182 1524 264 1590 Cum
288 1547 361 1588 mea
384 1523 534 1586 ridebunt
556 1545 642 1587 uana
665 1524 861 1608 magisteria.

603 1919 644 1990 V.

141 2073 249 2158 Asper
273 2096 362 2137 eram
386 2077 418 2136 et
440 2073 521 2138 bene
546 2074 716 2139 discidium
739 2097 790 2140 me
813 2075 897 2139 ferre
920 2076 1090 2159 loquebar:

184 2180 231 2245 At
254 2181 335 2244 mihi
358 2202 444 2244 nuno
467 2180 564 2265 longe
588 2181 693 2265 gloria
715 2181 810 2245 fortis
837 2181 938 2246 abest.
1074 2169 1076 2173 ¹

139 2286 288 2371 Namque
313 2308 402 2372 agor,
425 2291 462 2350 ut
484 2310 542 2371 per
565 2289 664 2372 plana
686 2288 768 2352 citus
794 2288 863 2352 sola
886 2288 1020 2352 uerbere
1044 2289 1171 2372 turben,

186 2393 288 2470 Quem
313 2395 396 2458 oeler
420 2400 549 2459 assueta
572 2398 682 2459 uersat
705 2395 746 2459 ab
770 2399 839 2459 arte
861 2417 951 2479 puer.

85 2500 188 2566 oUre
211 2502 316 2565 ferum
340 2506 374 2566 et
395 2505 519 2586 torque,
542 2502 645 2566 libeat
666 2524 707 2565 ne
730 2501 834 2565 dicere
858 2501 1028 2586 quicquam

186 2607 395 2692 Magnificum
419 2611 496 2690 post
518 2607 609 2670 haee:
633 2607 766 2671 horrida
789 2609 889 2671 uerba
912 2608 1016 2672 doma.

141 2715 240 2778 Parce
264 2719 382 2798 tamen,
405 2737 463 2797 per
485 2717 518 2778 te
542 2715 656 2778 furtiui
680 2713 811 2778 foedera
834 2715 919 2800 lecti,

187 2822 250 2885 Per
272 2821 434 2885 Uenerem
457 2843 577 2904 quaeso
601 2821 880 2906 compositumque
904 2827 1010 2906 caput.

142 2927 202 2992 Ille
227 2949 302 3012 eg0‚
326 2950 397 2991 oum
416 2928 505 2991 tristi
528 2929 641 2992 morbo
666 2927 792 2993 defessa
815 2930 946 3013 iaeeres‚

73 3054 106 3100 10
185 3036 231 3099 Te
256 3035 345 3098 dicor
368 3034 454 3097 uotis
479 3035 635 3116 eripuisse
659 3035 749 3120 meis,
1009 3022 1011 3026 Α

127 3247 238 3300 Tusrm.
276 3244 310 3300 V.
325 3251 348 3298 3.
366 3243 544 3298 Charisius
559 3263 586 3314 p.
603 3251 661 3313 145,
677 3252 692 3300 8
708 3246 755 3300 K.:
776 3245 887 3301 ‘turben
901 3246 1043 3302 Tibullus:
1057 3265 1200 3316 namque

56 3368 88 3375 —
109 3336 253 3389 turben!

130 3531 198 3586 Vim.
217 3551 291 3585 uror.
329 3536 362 3584 68
376 3530 447 3598 ydee
467 3535 489 3582 A
506 3531 578 3604 ydee
596 3536 619 3583 V
637 3532 646 3599 ΙΙ
665 3539 697 3586 69
721 3533 897 3586 tercentenos
917 3564 949 3571 —
970 3533 1050 3587 orbes
1069 3533 1177 3589 Statius
1194 3538 1203 3607 ll

56 3626 92 3673 70
110 3617 211 3687 frigios
230 3622 253 3669 A
270 3617 377 3686 frygios
392 3621 420 3686 (y
435 3634 468 3671 oa
485 3617 497 3670 i
515 3622 594 3688 corr.)
612 3623 635 3670 V
655 3621 664 3688 ΙΙ
689 3627 722 3674 74
741 3620 840 3674 coniux
859 3625 880 3671 (t
902 3622 911 3689 ΙΙ
935 3627 967 3674 77
988 3621 1084 3676 Gloria
1103 3623 1202 3692 auique

57 3724 109 3761 sua
123 3708 166 3760 est
183 3707 283 3761 babeat
298 3707 366 3760 Par.
385 3708 394 3775 ΙΙ
418 3712 451 3760 80
466 3707 588 3761 Diduoat
606 3714 639 3776 0,
658 3725 727 3764 corr.
743 3725 759 3766 ς
776 3710 780 3777 Ι
796 3711 901 3777 senem]
921 3709 1035 3764 domum
1053 3711 1178 3782 Scoliper
1195 3711 1205 3782 ll

58 3805 91 3852 81
112 3797 191 3851 Eheu
211 3811 239 3854 ςε
259 3795 301 3850 He
320 3797 374 3849 heu
393 3800 416 3847 A
433 3795 496 3850 Heu
513 3797 569 3851 heu
587 3802 636 3849 (tv

131 3905 164 3959 V.
207 3902 307 3970 Elegia
334 3903 433 3970 quinta
460 3909 481 3955 ὓ
508 3921 542 3959 m.
568 3921 621 3958 ree.
650 3905 682 3958 io
704 3911 719 3957 2
744 3906 792 3959 lio.
817 3907 972 3961 interuallo.
1021 3906 1214 3974 Conqueritur,

59 3993 136 4063 quod
165 4009 229 4046 cum
256 4008 308 4060 pro
336 3992 443 4046 amasia
469 3996 538 4047 uota
564 3995 624 4062 [om.
653 3995 687 4062 V]
714 3994 812 4049 feeerit
839 3995 911 4049 alter
938 3994 1028 4065 ipsam
1055 3998 1151 4051 teneat
1177 3999 1206 4050 et

59 4081 136 4151 quod
164 4081 347 4135 rusticaturus
371 4081 408 4136 sit
431 4099 494 4136 oum
517 4082 592 4136 delia
619 4099 670 4137 nec
697 4083 763 4138 uino
791 4100 842 4138 neo
870 4084 927 4139 alia
955 4102 1057 4140 uenere
1082 4085 1208 4155 potuerit

60 4169 168 4240 [potuit
185 4171 219 4236 7]
239 4169 346 4224 mederi
364 4170 453 4225 amori
472 4170 575 4240 [amori
593 4171 699 4226 mederi
712 4173 756 4242 Al.
776 4175 806 4227 et
818 4172 931 4227 demum
944 4174 1037 4228 lenam
1052 4175 1082 4228 et
1098 4174 1208 4242 praetia

61 4258 245 4327 deposcentes
267 4261 419 4313 execratur.
448 4259 508 4314 Itee,
539 4261 612 4327 Avu
628 4265 641 4312 1
661 4259 807 4315 dissidium
827 4267 855 4329 0,
878 4278 947 4316 corr.
967 4264 1036 4331 ς112
1056 4263 1139 4317 sortis
1158 4269 1180 4316 A
1199 4265 1208 4333 ll

62 4354 78 4401 3
97 4346 200 4400 turben
220 4346 375 4402 Charisius:
393 4349 476 4403 turbo
496 4349 567 4415 ⁰l⁷
587 4365 637 4416 per
654 4351 683 4402 te
703 4354 735 4402 G:
754 4366 837 4418 pareo
857 4354 907 4402 Av
926 4351 981 4418 (sed
1000 4353 1031 4404 in
1044 4353 1093 4407 hoo
1105 4369 1158 4422 mo.
1172 4371 1209 4406 m.

62 4443 78 4490 2
99 4437 194 4502 corr.);
212 4437 241 4489 te
259 4451 309 4503 per
327 4454 346 4502 g

120 4533 251 4576 Tmuuuus.
980 4535 995 4583 2
1019 4529 1028 4548 ‘
