2858 4994
545 286 691 340 TIBULLI
709 286 777 340 LIB.
797 287 818 340 Ι.
838 292 862 340 3.

157 468 189 515 10
271 451 401 515 Dicitur
424 454 499 514 ante
523 470 633 515 omnes
657 448 856 513 consuluisse
880 448 985 517 deos..

226 558 288 622 Illa
312 579 420 621 sacras
444 556 535 640 pueri
559 558 664 621 sortes
687 558 737 619 ter
760 555 909 639 sustulit,
930 555 977 619 illi

271 664 411 728 Rettulit
435 686 451 728 e
475 662 569 726 trinis
593 662 702 726 omina
726 665 813 726 certa
835 684 923 745 puer.

227 769 353 835 Cuncta
377 772 499 836 dabant
522 769 659 834 reditus:
682 772 793 832 tamen
816 771 866 832 est
889 768 1042 833 deterrita
1064 791 1232 852 nusquam,

273 877 359 953 Quin
381 877 473 940 fleret
495 879 624 939 nostras
648 877 876 958 respueretque
895 875 975 938 uias,

156 1000 189 1047 15
227 984 302 1067 lpse
327 1004 387 1067 ego
411 983 542 1065 solator,
566 1002 639 1045 curn
661 980 727 1045 iam
750 978 905 1045 mandata
928 982 1099 1061 dedissem,

273 1090 475 1166 Quaerebam
498 1090 608 1154 tardas
632 1088 745 1153 anxius
768 1111 868 1173 usque
892 1111 1008 1155 moras.

229 1196 296 1260 Aut
320 1217 380 1281 ego
405 1218 475 1260 suru
500 1199 649 1261 causatus
674 1218 750 1260 aues
775 1200 831 1261 aut
854 1197 961 1261 emine
985 1196 1055 1261 diro

272 1302 404 1367 Saturni
429 1326 555 1368 sacram
572 1325 624 1367 me
648 1303 792 1366 tenuisse
815 1303 909 1368 diem.

228 1409 254 1472 O
280 1410 428 1491 quotiens
451 1411 617 1494 ingressus
640 1409 701 1473 iter
725 1408 805 1472 mihi
827 1409 936 1474 tristia
959 1409 1024 1475 dixi

155 1533 191 1579 20
275 1514 442 1579 Offensum
466 1516 500 1578 in
523 1519 620 1598 porta
643 1515 738 1599 signa
761 1514 887 1579 dedisse
910 1515 1037 1600 pedem!

231 1622 358 1686 Audeat
380 1621 484 1686 inuito
508 1620 623 1704 nequis
647 1620 810 1685 discedere
834 1620 962 1700 Amore,

273 1727 342 1793 Aut
365 1729 448 1792 sciat
471 1749 637 1812 egressum
661 1749 706 1791 se·
718 1727 910 1810 prohibente
934 1728 1006 1794 deo!

232 1834 315 1910 Quid
338 1839 395 1898 tua
417 1856 502 1899 nunc
525 1834 588 1898 Isis
611 1833 705 1917 mihi,
728 1833 836 1917 Delia,
860 1834 935 1918 quid
958 1834 1038 1899 mihi
1060 1840 1200 1918 prosunt

272 1941 334 2006 Illa
356 1945 413 2006 tua
437 1942 559 2006 totiens
583 1962 658 2005 aera
680 1926 813 2024 repulsa
836 1963 940 2019 manu,

154 2063 191 2113 25
229 2047 362 2131 Quidue,
384 2050 437 2132 pie
456 2047 531 2111 dum
555 2070 648 2111 sacra
671 2048 759 2129 solie,
781 2068 923 2131 pureque
946 2048 1050 2112 lauari

273 2155 320 2218 Te
343 2152 506 2240 (memini)
532 2157 564 2218 et
587 2176 669 2237 puro
693 2153 877 2217 secubuisse
900 2153 996 2218 toro?

227 2261 331 2345 Nune,
355 2262 424 2344 dea,
446 2283 531 2325 nunc
555 2282 703 2326 succurre
726 2259 807 2324 mihi
830 2257 918 2344 (nam
941 2283 1037 2345 posse
1061 2263 1181 2328 mederi

272 2368 366 2432 Picta
390 2369 484 2432 dccet
505 2367 637 2452 templis
661 2368 766 2431 multa
788 2366 911 2431 tabella
935 2366 1027 2454 tuis),

228 2473 274 2539 Ut
296 2497 369 2539 mea
392 2474 519 2538 uotiuas
542 2473 731 2557 persoluens
754 2473 848 2538 Delia
870 2477 982 2539 noctes

156 2598 191 2645 30
272 2579 359 2645 Ante
383 2603 491 2645 sacras
514 2581 582 2646 linc
605 2583 693 2645 tecta
714 2580 802 2646 fores
826 2580 936 2646 sedeat

228 2687 349 2770 Bisque
373 2686 424 2750 dic
447 2688 591 2751 resoluta
614 2677 724 2752 comas
747 2687 809 2751 tibi
832 2687 937 2752 dicere
960 2688 1070 2753 laudes

272 2793 416 2878 Insignis
439 2793 537 2856 turba
559 2792 676 2857 debeat
698 2793 733 2856 in
756 2792 884 2858 Pharia.

228 2898 275 2963 At
296 2900 377 2963 mihi
401 2899 572 2984 contingat
593 2899 717 2982 patrios
741 2901 903 2965 celebrare
926 2901 1066 2967 Penates

274 3006 480 3089 Reddereque
504 3007 637 3089 antiquo
660 3010 826 3070 menstrua
849 3011 923 3071 tura
946 3006 1030 3072 Lari.

157 3129 192 3176 35
230 3111 334 3188 Quam
357 3113 438 3176 bene
464 3110 604 3177 Saturno
628 3111 784 3176 uiuebant
806 3131 882 3195 rege
905 3112 995 3195 prius
1019 3136 1116 3198 quam

210 3323 279 3377 Vsu.
308 3343 381 3375 nucu.
430 3329 460 3376 11
491 3321 624 3376 substulit
645 3326 696 3374 AV
727 3323 737 3391 Ι
765 3328 797 3376 12
825 3322 907 3377 trinis
935 3323 1077 3378 Mwetue:
1106 3324 1197 3380 triuiie
1228 3330 1247 3378 0
1278 3326 1282 3396 t

138 3415 247 3478 omnia,
276 3416 308 3464 ut
334 3411 408 3478 uid,
436 3416 459 3462 V
485 3413 495 3480 Ι
525 3418 557 3464 13
583 3428 720 3479 nusquam
744 3416 805 3466 GV:
834 3418 957 3482 nuquam
984 3418 1008 3467 A
1036 3417 1145 3469 nostres
1169 3434 1188 3481 ι
1209 3414 1284 3469 haud

138 3501 194 3554 det.
222 3500 326 3554 frustra
357 3502 402 3554 est
428 3515 445 3556 ς
472 3501 483 3568 Ι
511 3505 545 3553 14
573 3499 647 3566 Quin
675 3492 783 3554 Aldina
815 3520 842 3556 u.
876 3507 956 3556 1502:
990 3500 1098 3556 Cerno
1128 3506 1132 3572 Ι
1160 3504 1284 3575 nostres]

137 3589 248 3643 uestras
275 3606 295 3654 c
323 3591 328 3656 Ι
356 3590 555 3658 respueretque
583 3603 612 3646 5:
640 3587 847 3657 respiceretque
875 3593 894 3641 0
921 3591 931 3658 Ι
959 3595 993 3643 17
1016 3592 1066 3644 eut
1093 3605 1123 3647 52
1148 3589 1217 3644 dant
1240 3593 1283 3661 οξ

138 3677 234 3732 omine
257 3677 319 3732 diro
341 3678 453 3746 scripsi:
481 3677 577 3731 omine
604 3677 709 3745 (omnia
731 3680 764 3746 V)
789 3675 851 3731 dira
873 3681 892 3729 0
916 3676 982 3732 dere
1004 3678 1121 3732 numine
1143 3678 1218 3734 diras
1242 3681 1287 3751 tt

140 3772 174 3821 18
194 3765 308 3820 Saturni
330 3783 438 3820 samm
462 3770 495 3820 ⁰:
519 3765 632 3820 Saturni
651 3767 827 3820 anteactam
846 3784 865 3831 ι
885 3765 1033 3821 Setumiue
1052 3782 1160 3836 sacmur
1177 3767 1285 3822 Brculr·

138 3855 306 3924 husiuslnl
326 3855 426 3923 nequis
445 3870 475 3911 5:
494 3872 549 3909 neu
567 3855 629 3925 quie
649 3856 739 3923 0123
757 3853 814 3924 ysis
833 3858 883 3907 Η
905 3856 915 3923 Ι
937 3860 972 3908 25
990 3854 1057 3910 duur
1077 3860 1111 3910 ῦς
1134 3855 1217 3910 deum
1235 3860 1286 3909 AV

138 3945 182 4012 (in
209 3945 260 3999 boc
285 3961 320 3998 m.
351 3950 369 3998 2
395 3960 447 4013 my,
475 3946 557 4012 corr.)
583 3945 593 4012 Ι
618 3949 653 3998 26
684 3945 775 4013 inepte
805 3943 864 3998 Trb,
896 3943 1008 3998 Delium
1033 3961 1106 4014 pure
1137 3946 1233 4000 lauari
1259 3962 1287 4001 ee

138 4032 292 4088 nemisse
313 4032 396 4097 dicit,
423 4037 453 4086 ut
479 4033 631 4087 maduisse
652 4048 711 4086 eum
734 4034 829 4101 potuit
856 4048 916 4086 cum
943 4033 1035 4088 delere
1056 4034 1174 4104 predum
1196 4035 1285 4089 nemi·

138 4122 221 4175 nisse.
240 4121 306 4175 otim
319 4122 424 4175 conieci
440 4120 477 4174 Et
495 4139 565 4191 puro
584 4120 720 4191 (memini)
735 4137 787 4177 sec,
803 4125 824 4175 t,
842 4122 928 4191 (quod
940 4124 1083 4192 praecepit
1097 4122 1286 4192 Deerinqr‘ur),

139 4225 216 4263 nunc
233 4210 341 4264 malim:
360 4212 410 4280 Te,
428 4226 499 4280 puro
513 4212 542 4264 et
560 4209 697 4279 (memini)
712 4227 766 4265 see.
780 4212 800 4264 t.
817 4213 821 4276 1
837 4210 920 4266 thoro
938 4214 988 4263 Η
1001 4213 1011 4279 Ι
1023 4216 1059 4266 29
1073 4209 1112 4264 Ut
1128 4213 1192 4264 AV:
1214 4210 1285 4266 Eto

141 4301 1263 4403 ipersolnedolnccteeSculiqerzucceeolaortscreslteecrm.fl

139 4421 1286 4493 ”32tu1b2]tunicnl³3prdocelerare!34thm0186priueqmmo
