2858 4994
555 273 699 327 TIBULLI
718 273 786 328 ΠΒ.
805 275 825 329 Ι,
846 281 870 327 3.

277 437 400 501 Ederet
423 440 460 500 ut
482 436 585 500 mullo
609 436 714 499 libera
737 436 839 499 uerba
857 457 961 520 mer03

231 545 307 628 Ipse
332 545 410 609 deus
435 568 548 610 somno
574 544 713 609 domitos
732 545 886 637 'emittere
909 566 1021 607 uocem

278 652 380 716 Iussit
404 656 437 716 el
460 653 582 716 inuitos
606 651 694 716 facia
717 650 858 735 legenda
880 649 990 734 loqui?

232 756 324 820 Haec
348 777 408 841 ego
432 757 593 821 dicebam:
616 777 701 820 nunc
725 778 776 819 me
799 756 927 820 fleuisse
951 757 1146 841 loquentem,

161 882 194 930 30
278 863 373 928 Nunc
395 864 495 946 pudet
518 863 558 928 ad
582 867 713 929 teneros
736 864 947 946 procubuisse
972 865 1080 947 pedes.

232 972 322 1035 Tunc
345 970 426 1034 mihi
450 971 583 1034 iurabas
606 970 697 1034 nullo
720 973 753 1033 te
777 970 886 1034 diuitis
911 972 982 1034 auri

277 1077 432 1160 Pondere,
456 1099 522 1141 non
545 1077 681 1162 gemmis
706 1076 844 1141 uendere
869 1078 953 1142 uelle
977 1079 1083 1163 fidem,

232 1185 309 1249 Nun
331 1185 394 1248 tibi
418 1184 446 1248 si
469 1185 610 1268 prelium
634 1182 815 1268 Campania
838 1188 909 1250 tota
933 1185 1072 1269 daretur,

277 1291 353 1356 Non
375 1291 437 1355 tibi
461 1293 488 1355 si
513 1291 634 1357 Bacchi
657 1313 733 1356 cura
756 1290 913 1358 Falernus
938 1314 1024 1378 ager.

160 1415 195 1464 35
232 1399 304 1463 Illis
329 1397 479 1488 eriperes¹
493 1399 603 1472 uerbis
626 1398 707 1461 mihi
731 1398 836 1462 sidera
860 1401 939 1465 caeli

279 1505 400 1570 Lucere
425 1509 457 1569 el
480 1527 577 1588 puras
601 1504 745 1569 fulminis
769 1527 838 1581 esse
861 1507 943 1570 uias.

236 1604 444 1690 Quinetiam
469 1611 584 1675 flebas:
609 1616 731 1676 alnon
755 1633 814 1697 ego
839 1612 949 1677 fallere
973 1614 1093 1678 declus·

159 1737 195 1786 38
278 1719 460 1804 Tergebam
483 1713 652 1782 humentes
676 1719 824 1784 credulus
848 1743 949 1805 usque
973 1741 1104 1805 genas„

158 1844 194 1892 43
234 1827 318 1890 Tum
341 1827 441 1891 miser
466 1825 583 1908 interii,
607 1827 706 1890 stulte
730 1827 870 1891 confisus
895 1828 1010 1891 amari:

278 1934 363 1999 Nam
386 1936 533 2018 poderam
559 1933 600 1996 ad
622 1934 755 2018 laqueos
780 1934 908 1998 cautior
931 1956 1001 1998 esse
1024 1938 1108 1999 lues.

233 2041 438 2133 Quinetiam
463 2040 604 2104 attonita
627 2041 738 2104 laudes
762 2041 824 2104 tibi
848 2045 955 2105 mente
980 2042 1144 2123 canebam,

276 2146 323 2211 At
345 2170 397 2211 me
419 2169 505 2211 nunc
527 2147 631 2211 nostri
655 2146 885 2232 Pieridumque
908 2149 1015 2231 pudet.

202 2331 208 2336 .
232 2255 293 2318 Illa
312 2255 409 2319 uelim
434 2255 547 2339 rapida
569 2253 735 2319 Uulcanus
760 2255 906 2318 carmina
928 2254 1060 2319 flamma

159 2379 203 2426 501
279 2361 416 2427 Torreat
439 2365 472 2425 et
494 2361 616 2445 liquida
640 2362 747 2426 deleat
771 2362 875 2426 amnis
901 2385 993 2448 aqua.

233 2468 283 2532 Tu
307 2468 420 2551 procul
442 2468 519 2531 hinc
543 2468 641 2552 absis,
659 2468 710 2533 cui
734 2468 872 2533 formam
895 2469 1032 2533 uendere
1057 2491 1134 2534 cura
1157 2473 1207 2531 est

276 2573 321 2637 Et
343 2573 484 2657 prelium
508 2573 605 2656 plena
628 2574 750 2659 grande
774 2573 892 2638 referre
916 2598 1023 2641 manu,

233 2682 278 2745 At
300 2683 341 2764 le,
365 2681 420 2763 qui
443 2680 538 2744 donis
561 2702 699 2763 puerum
722 2702 927 2763 corrumpere
951 2702 985 2744 es
1009 2703 1116 2766 ausus5

277 2787 394 2851 Rideat
416 2786 556 2851 assiduis
579 2809 661 2850 uxor
683 2787 786 2851 inulta
809 2787 902 2870 dolis,

159 2912 194 2960 55
233 2895 278 2958 m
300 2916 372 2958 cum
396 2893 517 2957 furtiuo
542 2893 692 2957 iuuenem
716 2894 891 2959 lassauerit
913 2917 982 2971 usu,

277 3001 398 3066 Tecum
420 3001 615 3085 interposita
638 3001 793 3085 languida
816 3004 907 3064 uesle
931 3001 1036 3066 cubet,

232 3107 365 3192 Semper
390 3107 455 3171 sint
478 3111 611 3171 externa
633 3111 689 3172 luo
713 3108 853 3192 uestigia
875 3108 969 3191 lecto,

275 3213 320 3276 Et
343 3216 454 3298 pateat
478 3213 602 3297 cupidis
627 3235 753 3297 semper
778 3216 891 3297 aperta
915 3214 1041 3297 domus3

231 3319 300 3385 Nec
324 3321 448 3385 lasciua
471 3342 564 3385 soror
587 3321 712 3385 dicatur
736 3321 830 3403 plura
853 3321 974 3385 bibisse

159 3444 195 3493 60
276 3427 399 3492 Pocula
421 3428 475 3491 uel
497 3428 607 3511 plures
631 3427 805 3492 emeruisse
828 3427 926 3492 uiros,

214 3708 281 3763 Vra.
301 3730 375 3766 nrcr.
412 3715 456 3775 27,
473 3714 514 3777 ,28
539 3710 638 3763 lrabeat
662 3708 731 3763 Par.
754 3709 764 3776 ΙΙ
787 3715 820 3762 31
845 3708 923 3763 nullo
947 3710 974 3762 le
998 3713 1031 3764 d:
1061 3709 1138 3764 nullo
1161 3710 1214 3765 bibi
1237 3715 1287 3764 AV

138 3797 247 3851 nullius
266 3801 353 3867 ς1133
373 3799 434 3852 lota
452 3803 486 3852 G:
506 3801 582 3852 terra
600 3801 674 3863 AVg
687 3798 697 3865 ΙΙ
711 3803 745 3850 34
764 3797 848 3852 bachi
866 3803 916 3851 AV
933 3800 937 3867 Ι
953 3799 1104 3867 phalernus
1124 3800 1168 3869 “ll
1182 3806 1216 3854 35
1236 3800 1287 3855 eri·

138 3901 222 3955 peres
241 3891 274 3940 G:
295 3887 416 3956 eriperet
433 3890 483 3939 AV
502 3887 511 3955 ll
531 3893 564 3941 36
589 3885 713 3940 fulminis
732 3891 766 3941 G:
789 3887 912 3942 fluminis
930 3892 1004 3955 ΗΒ
1022 3889 1031 3957 ll
1050 3894 1165 3957 39-44,
1184 3890 1232 3956 qui
1250 3906 1287 3942 se·

139 3979 243 4028 cuntur
261 3976 293 4028 ia
312 3980 343 4042 0,
360 3982 423 4044 post
441 3978 508 4031 VIII
527 3983 561 4031 26
576 3978 661 4046 posui
683 3977 692 4044 ΙΙ
715 3981 758 4043 45,
777 3982 811 4029 46
834 3977 895 4030 laub.
915 3976 992 4033 Fris.
1015 3979 1025 4046 ΙΙ
1048 3983 1082 4030 45
1106 3977 1177 4030 Tum
1203 3981 1234 4030 0:
1264 3977 1286 4030 Ο

139 4063 228 4128 Fris,
250 4065 324 4118 cade
341 4066 366 4117 A
389 4066 423 4121 L.
444 4066 597 4121 Muellerus
619 4068 622 4132 l
644 4065 767 4119 confixus
787 4064 863 4121 Fris.
888 4067 898 4133 ΙΙ
920 4070 954 4118 48
978 4067 1016 4120 At
1036 4080 1065 4123 s:
1084 4066 1121 4119 EI
1145 4070 1163 4117 0
1187 4065 1225 4118 Ut
1244 4081 1260 4123 ς
1279 4066 1286 4135 ll

139 4160 174 4208 49
195 4153 279 4207 flama
298 4157 347 4205 (IV
365 4154 375 4222 ΙΙ
396 4160 440 4222 51,
460 4160 493 4208 52
512 4155 573 4210 laub.
595 4154 662 4208 Par.
683 4156 743 4222 1151
769 4152 812 4207 Sit
834 4152 932 4222 procul
957 4171 975 4207 a
997 4154 1077 4208 nobis
1099 4155 1218 4209 formam
1242 4154 1288 4208 cui

140 4260 166 4294 u.
187 4258 210 4295 e.
231 4258 254 4295 e.
275 4243 343 4298 Pur.
362 4245 423 4312 1153
448 4242 527 4296 donis
546 4258 664 4311 puerum
683 4246 716 4295 d:
736 4257 851 4309 puerum
872 4241 951 4295 donis
970 4246 1020 4294 AV
1038 4244 1048 4310 ΙΙ
1066 4248 1099 4295 60
1129 4242 1287 4313 emeruisse,

140 4347 201 4384 eum
220 4331 251 4384 id
273 4332 345 4398 quod
367 4332 412 4385 hic
429 4333 574 4400 flaqilatur
599 4331 732 4385 ‘emerilos
750 4330 909 4384 reddidisse'
934 4346 991 4384 nou
1011 4333 1101 4399 possit
1122 4333 1287 4402 slyaislcure,

140 4425 301 4488 corruptam
319 4421 442 4486 uideram
465 4421 529 4488 fort.
554 4419 696 4473 enecuisse
