2858 4994
135 211 175 268 VI
565 209 851 265 PROLEGOMENA.

136 395 196 457 que
233 374 269 438 in
301 373 462 438 Vaticana
498 372 688 438 adseruatos
724 373 803 437 locis
841 373 965 457 aliquot
997 396 1016 437 a
1048 395 1099 437 me
1131 374 1292 438 indicatis

136 480 310 565 conferret3
342 501 418 544 nam
442 479 613 563 quominus
635 477 720 562 ipse,
743 499 816 542 cum
840 500 867 542 a.
894 479 1040 562 1872s73
1064 479 1189 544 Romae
1214 501 1292 543 uer·

138 588 246 670 sabar,
283 587 316 650 id
348 585 502 669 facerem,
540 606 614 649 cum
645 584 803 666 temporis
841 585 1009 668 angustiae
1041 589 1111 649 tum
1143 585 1293 650 aliorum

136 693 342 778 negotiorum
365 691 539 755 multitudo
562 690 788 774 prohibebant.
822 691 878 754 sed
903 694 1077 775 antequam
1100 692 1292 756 accuratius

137 823 175 866 ea
207 799 324 884 quibus
362 798 441 862 haec
473 819 559 861 noua
595 797 693 862 editio
728 797 880 862 innititur
917 798 1061 862 subsidia
1093 799 1293 880 describam,

136 929 239 991 pauca
261 903 502 990 praemonenda
525 906 611 967 sunt.

225 1013 323 1077 Falsa
353 1015 402 1075 est
431 1010 597 1074 doctorum
627 1009 856 1075 nonnullorum
888 1011 1012 1096 opinio,
1043 1033 1109 1076 non
1137 1013 1294 1075 lectitata

136 1118 239 1183 fuisse
256 1111 392 1181 ¹saeculo
416 1115 495 1180 XIV
518 1115 641 1180 Tibulli
664 1115 814 1201 carmina.
852 1117 938 1200 quod
961 1139 1033 1181 cum
1056 1116 1293 1182 Lachmannus

140 1226 178 1289 de
219 1223 454 1288 uetustioribus
497 1222 661 1287 codicibus
701 1223 899 1305 reperiendis
941 1222 1115 1308 desperans
1156 1225 1294 1289 iecisset

139 1329 255 1416 [praef.
282 1329 322 1393 ad
349 1329 419 1394 Tib.
446 1353 477 1413 p.
500 1328 582 1412 V1],
618 1328 662 1392 M.
689 1327 852 1412 Hauptius
882 1332 1004 1413 [opusc.
1032 1330 1048 1394 Ι
1075 1355 1105 1414 p.
1133 1333 1198 1395 276
1225 1335 1291 1416 sq.]

139 1435 298 1512 Guilelmo
331 1439 417 1500 corle
448 1434 660 1518 Pastrengioo
692 1431 954 1520 (luco-1365)
986 1435 1160 1505 Tibullum¹
1184 1437 1292 1502 fuisse

138 1547 253 1608 notum
281 1542 431 1607 ostendit.
477 1541 592 1605 scribit
617 1541 702 1604 enim
726 1540 781 1604 ille
808 1541 842 1604 in
865 1541 950 1606 libro
975 1542 1013 1605 de
1037 1543 1216 1628 originibus
1240 1567 1292 1608 re-

139 1672 212 1713 rum
237 1649 306 1730 [fol.
331 1645 418 1730 88¹³]:
466 1646 566 1712 Osiris
587 1647 811 1730 Aeppplicruru
833 1649 906 1712 deus
928 1652 1039 1712 croire
1055 1650 1180 1730 primus
1202 1655 1295 1732 upiul

139 1756 304 1838 Amplius
329 1754 414 1833 feeit,
447 1759 562 1817 urruru
586 1753 670 1832 ferro
698 1754 878 1818 sollicitauit
904 1759 933 1818 11
953 1756 1113 1836 inexperto
1140 1752 1216 1841 (sie)
1245 1778 1292 1822 se-

139 1863 227 1926 miue
255 1861 418 1938 commisii,
450 1880 549 1941 poma
574 1859 613 1923 ab
641 1860 754 1942 19111113
781 1860 852 1943 11911
878 1860 1052 1944 arboribus,
1078 1863 1166 1943 pulis
1191 1864 1292 1928 uilem

140 1969 287 2034 adiuuerit
316 1967 506 2048 uirideruque
536 1985 655 2030 coruom
686 1967 768 2030 dure
797 1966 876 2046 fulee
910 1969 1032 2031 caedere
1062 1969 1164 2032 decuit
1194 1974 1222 2032 11
1251 1992 1292 2034 erc

139 2079 266 2139 muluru
288 2093 353 2138 uuo
374 2074 484 2140 suauis
507 2073 639 2154 liquores
662 2075 817 2155 expressit.
855 2073 997 2137 Tibullus
1020 2072 1054 2155 [I
1079 2076 1107 2158 l,
1130 2076 1290 2158 29—3o].

142 2202 222 2266 quos
253 2201 365 2244 uersus
395 2201 462 2243 non
491 2179 599 2263 potuit
624 2178 853 2263 Pastrengicus
884 2178 1013 2243 haurire
1043 2181 1107 2244 nisi
1137 2204 1176 2244 ex
1205 2182 1289 2265 ipsis

141 2286 264 2350 Tibulli
294 2285 491 2350 carminibus
524 2285 688 2368 inspectis.
740 2307 818 2349 nam
846 2286 1020 2352 infeliciter
1039 2287 1085 2351 in
1115 2290 1290 2354 uerborum

139 2393 269 2458 illorum
296 2392 358 2456 fide
386 2391 543 2456 eleuanda
571 2395 720 2456 uersatus
745 2395 795 2456 est
816 2390 853 2457 L.
875 2392 1049 2458 Muellerus
1079 2395 1191 2478 [praef.
1216 2396 1289 2461 Tib.

141 2522 171 2582 p.
190 2499 251 2580 V].
295 2499 394 2563 immo
416 2497 663 2584 Pastrengicum
685 2497 836 2564 Veronae
865 2499 1031 2564 uolutasse
1060 2501 1201 2565 codicem
1229 2502 1288 2566 ali-

143 2628 239 2691 quem
261 2604 496 2688 Tibullianum,
528 2605 700 2670 admodum
727 2606 908 2689 probabilis
937 2610 987 2670 est
1012 2607 1157 2691 suspitio.
1203 2612 1289 2672 certe

141 2713 202 2776 tali
226 2733 302 2776 usus
327 2714 390 2796 est,
411 2713 448 2777 ni
471 2713 579 2777 omnia
597 2712 728 2795 fallunt,
752 2713 853 2795 isqui
878 2734 905 2776 a.
923 2712 1006 2777 1329
1030 2712 1125 2777 fiores
1150 2717 1289 2779 auctori·

141 2822 247 2882 tatum
275 2817 447 2883 moralium
471 2818 619 2884 Veronae
650 2819 832 2902 composuit
865 2817 918 2899 [of.
946 2840 1028 2902 quae
1056 2820 1092 2883 in
1118 2820 1217 2902 praef.
1247 2822 1289 2885 ad

143 2922 260 2989 Catull.
286 2947 317 3008 p.
335 2923 417 2988 VIII
445 2924 534 3005 dixi].
580 2924 618 2989 de
646 2924 736 2989 cuius
764 2945 861 3008 opere
889 2945 975 2988 nune
1003 2924 1141 2988 certiora
1169 2925 1288 2991 scimus

142 3031 313 3117 diligentia
346 3029 499 3094 Guilelmi
531 3030 655 3115 Meyeri
694 3030 747 3111 [cf.
778 3028 874 3093 huius
906 3029 1034 3094 libellus
1069 3029 1135 3094 ‘die
1165 3030 1288 3096 Samm-

142 3138 264 3222 lungen
296 3138 352 3201 der
385 3135 604 3221 Spruchverse
636 3135 692 3200 des
721 3135 881 3200 Publilius
915 3134 1041 3219 Syrus',
1077 3137 1164 3219 Lips.
1194 3140 1290 3225 1877,

142 3266 173 3327 p.
188 3245 229 3308 61
246 3246 338 3328 sqq.].
370 3244 473 3308 tribus
493 3247 601 3307 autem
620 3243 700 3308 locis
719 3242 755 3307 in
774 3263 871 3325 opere
889 3241 947 3306 illo
962 3240 1083 3305 Tibulli
1100 3242 1138 3306 fit
1156 3245 1289 3309 mentio.

144 3353 178 3414 et
199 3350 303 3434 primo
327 3348 448 3434 legitur
471 3369 545 3433 pag.
570 3351 603 3430 1,
626 3349 685 3413 col.
708 3349 744 3413 2:
778 3348 908 3413 Tibulus
929 3349 965 3411 iu
989 3348 1065 3411 libro
1088 3349 1123 3412 de
1143 3350 1290 3429 felicitate

139 3457 291 3540 pauperis
312 3457 375 3520 uile
399 3455 477 3539 [I9,
496 3455 553 3536 23]
585 3455 634 3519 Ne
653 3455 708 3519 libi
725 3455 855 3518 celluuclr'
872 3475 939 3535 spes
961 3456 1138 3536 3111111111
1158 3460 1288 3537 porculi

143 3564 205 3628 Est
225 3564 298 3627 deus
321 3563 449 3627 cecullcs
471 3563 525 3643 qui
542 3566 627 3626 uelut
647 3581 709 3625 1331
729 3562 823 3625 dolos.
855 3561 927 3644 Ipse
945 3562 1014 3625 eleos
1036 3582 1140 3626 scruuo
1159 3565 1288 3627 domitos

144 3671 277 3735 emittere
303 3689 406 3733 uocem
433 3670 512 3752 oepit
538 3673 567 3732 11
580 3669 708 3734 ,11111113
732 3668 802 3747 futu
831 3669 956 3750 leyeudu
984 3670 1074 3750 loqui.
1121 3669 1175 3732 sed
1202 3670 1288 3733 hunc

143 3776 250 3840 locum
288 3771 418 3840 auotor'
435 3776 574 3858 sumpsit
609 3796 647 3839 ex
674 3774 832 3858 florilegio
864 3770 980 3858 gallico
1014 3774 1089 3860 (quo
1114 3776 1152 3839 de
1175 3781 1289 3860 postea

145 3878 287 3968 agetur),
319 3885 356 3945 ut
384 3884 417 3945 et
442 3881 557 3945 titulus
587 3880 639 3945 ‘in
667 3880 750 3945 libro
779 3880 817 3944 de
845 3879 897 3944 fel.
924 3863 1129 3964 paup.‘uite'
1158 3887 1190 3947 et
1217 3884 1289 3966 ipsa

145 3990 307 4072 scriptura
329 3988 431 4053 dccet.
476 4010 573 4071 porro
596 3987 697 4052 habes
720 4008 794 4072 pag.
817 3988 875 4071 24,
897 3988 956 4053 eol.
978 3988 1015 4052 2:
1054 3988 1182 4053 Tubulus
1207 3989 1288 4074 [14,

147 4097 203 4176 21]
238 4095 302 4160 Nec
329 4095 444 4159 lurore·
463 4096 535 4159 lime
563 4095 688 4160 Veuuus
708 4095 854 4178 periurio
881 4096 966 4158 ueriti
992 4095 1094 4158 Irrita
1110 4117 1169 4176 per
1192 4103 1289 4162 terres

146 4205 176 4264 11
198 4201 289 4284 leupo
308 4202 391 4281 frelo
411 4203 525 4282 ferieut.
559 4238 598 4250 -
633 4202 722 4267 Idem
746 4201 776 4283 [Ι
798 4201 831 4285 9,
857 4202 891 4282 3]
924 4201 982 4266 Ha
1003 4203 1094 4266 ruiser
1120 4204 1198 4267 1131
1220 4206 1289 4285 quis

140 4307 246 4390 prum
270 4307 415 4388 periurio
441 4308 533 4373 collui
562 4306 641 4373 Seru
668 4313 770 4374 lurueu
798 4310 908 4373 lueilres
929 4329 1014 4390 percu
1043 4310 1130 4373 ueuil
1150 4311 1288 4392 pedibus,
