2858 4994
488 275 775 332 Paonnconnun.
1142 276 1207 332 XXI

56 442 177 507 abhinc
201 443 310 507 omnia
334 442 456 526 spissis
470 441 614 505 tenebris
639 443 714 504 sunt
736 439 867 524 obruta,
892 443 929 504 ut
950 461 1052 526 neque
1076 440 1205 525 quibus-

54 570 134 612 nam
166 549 368 634 cognationis
401 548 555 633 gradibus
584 545 607 610 0
637 568 657 609 a
683 543 707 612 F
740 549 773 610 et
798 547 884 612 Fris.
915 549 1072 632 tangatur
1103 567 1206 629 neque

56 676 135 719 uero
165 677 204 719 ea
227 678 309 739 quae
337 656 424 720 ultra
451 657 512 721 hos
539 655 642 719 libros
671 653 850 718 ascendunt
871 657 1021 736 tempora
1049 653 1205 737 dispicere

55 761 230 844 possimus.
271 764 443 828 obscurum
467 766 517 827 est
538 761 655 846 igitur,
679 761 807 844 quando
830 760 946 825 turbae
969 760 1044 824 illae
1067 760 1103 825 in
1125 781 1206 824 non·

56 867 157 932 nullis
180 869 277 952 primi
302 871 378 935 libri
402 869 514 954 elegiis
540 869 607 933 sint
630 871 735 950 ortae3
769 868 941 933 obscurum
965 869 998 930 et
1020 866 1114 950 illud,
1142 888 1205 951 quo

56 975 204 1057 ternpore
229 976 381 1041 acciderit
404 979 440 1041 ut
463 976 608 1040 carmina
631 974 939 1058 pseudotibulliana,
972 995 1053 1057 quae
1077 973 1111 1036 in
1133 972 1207 1056 ipse.

56 1081 253 1164 antiquitate
283 1086 316 1146 et
343 1104 401 1166 per
428 1082 525 1147 medii
553 1082 625 1146 aeui
651 1085 780 1165 partem
807 1076 986 1167 priorem*)
1015 1101 1161 1144 seorsum
1188 1102 1208 1144 a

56 1187 174 1251 ceteris
205 1188 372 1272 extabant,
407 1189 531 1254 duobus
560 1176 744 1272 elegiarum*
765 1187 857 1252 libris
878 1187 1031 1272 genuinis
1059 1187 1207 1251 adnecte·

56 1297 177 1360 rentur.
222 1298 255 1359 et
278 1300 314 1360 ut
337 1298 417 1361 haec
441 1298 489 1361 ita
511 1296 576 1360 alia
598 1294 686 1360 haud
708 1317 825 1379 pauca,
849 1316 929 1380 quae
954 1297 1101 1361 accurate
1125 1294 1207 1358 scire

57 1402 199 1465 multum
221 1402 406 1488 interesset,
428 1426 515 1469 nunc
538 1425 633 1468 caeca
655 1405 811 1487 teguntur
834 1400 982 1486 caligine.

150 1507 211 1573 Sed
234 1510 328 1573 illum
357 1509 571 1595 archetypi-0
598 1512 721 1574 statum
749 1511 937 1591 corruptum
959 1508 1208 1593 interpolatum·
1250 1586 1256 1598 Ι

58 1638 121 1701 que
145 1616 221 1679 dum
245 1618 459 1702 contemplor,
490 1618 576 1682 ultro
601 1617 690 1681 subit
712 1616 884 1700 suspicari,
914 1638 995 1681 aeuo
1018 1614 1085 1679 fere
1109 1613 1206 1681 Oaro-

56 1723 179 1807 lingico
203 1724 453 1809 grammaticum
475 1724 695 1808 nescioquem,
725 1746 799 1788 cum
822 1722 965 1787 codicem
987 1720 1208 1794 Tibullianurn

58 1829 271 1895 multifariam
308 1830 522 1913 deprauatum
559 1833 645 1894 esset
678 1833 830 1915 nanctus,
870 1829 1062 1895 emendandi
1097 1852 1208 1895 curam

59 1937 250 2021 suscepisse.
280 1937 334 2022 qui
358 1937 444 2021 quod
467 1959 599 2002 munere
623 1941 774 2022 suscepto
797 1938 1008 2022 neglegenter
1031 1937 1207 2023 leuiterque

59 2044 188 2108 functus
212 2047 276 2127 est,
298 2065 366 2108 non
388 2044 588 2108 mirabimur.
635 2044 780 2109 omnium
803 2044 889 2108 enim
912 2044 1209 2129 grammaticorum,

60 2151 88 2214 si
107 2149 151 2214 Μ.
164 2149 330 2215 Valerium
350 2149 494 2215 Probum
515 2172 700 2237 paucosque
725 2146 875 2234 antiquos
899 2151 1090 2236 excipimus,
1113 2173 1208 2216 curae

60 2257 190 2322 criticae
219 2257 431 2341 scriptoribus
464 2258 504 2321 ab
533 2258 599 2322 illis
630 2257 806 2322 emendatis
834 2257 907 2341 plus
934 2258 1084 2322 nocuisse
1111 2280 1208 2346 quam

58 2363 222 2447 profuisse
253 2365 430 2429 censendae
462 2369 545 2430 sunt.
596 2388 634 2430 ex
663 2365 724 2430 tali
753 2363 939 2429 recensione
969 2364 998 2429 si
1025 2363 1048 2428 0
1077 2365 1208 2430 fluxisse

60 2472 233 2556 sumimus,
270 2472 336 2535 iam
368 2472 468 2536 claret
500 2495 557 2537 cur
589 2472 649 2557 ibi,
688 2473 744 2537 ubi
766 2473 796 2536 a
822 2471 847 2536 F
880 2475 913 2536 et
942 2472 1028 2538 Fris
1060 2471 1209 2538 destituti

63 2600 187 2663 sumus,
220 2600 315 2663 saepe
343 2601 476 2663 prorsus
504 2580 569 2644 alia
596 2580 722 2644 ratione
751 2579 830 2643 artis
854 2578 984 2643 criticae
1010 2577 1208 2644 factitandae

61 2687 156 2751 nobis
181 2686 224 2749 sit
242 2686 397 2750 utendum
416 2707 513 2771 quam
534 2708 581 2751 ex.
600 2707 648 2771 gr.
666 2686 701 2750 in
721 2683 850 2750 Catullo
874 2685 1083 2751 emendando.
1112 2686 1208 2751 huius

61 2794 146 2857 enim
171 2793 270 2857 codex
288 2790 486 2857 Veronensis
511 2815 584 2858 cum
607 2814 646 2857 ex
665 2793 841 2876 exemplari
864 2793 896 2857 in
915 2792 978 2856 fine
1002 2793 1208 2878 antiquitatis
1250 2833 1253 2838 -
1353 2843 1355 2847 -

61 2904 94 2964 et
121 2922 180 2983 per
209 2899 350 2963 medium
381 2921 497 2963 aeuum
526 2899 810 2984 grammaticorum
839 2899 1035 2964 industriam
1062 2921 1129 2964 non
1156 2918 1208 2964 ex=

60 3007 154 3088 perto
178 3004 342 3088 profectus
366 3006 422 3089 sit,
454 3006 644 3089 plerumque
673 3005 782 3089 apices
810 3005 958 3070 rimando
984 3007 1209 3090 litterulasque

61 3111 235 3195 premendo
260 3112 437 3195 genuinam
461 3110 655 3195 scripturam
677 3111 848 3176 restituere
871 3112 955 3176 licet.
996 3111 1053 3176 sed
1075 3111 1137 3176 hac
1159 3134 1209 3176 ra-

62 3218 151 3283 tione
177 3220 213 3282 in
241 3218 317 3282 crisi
336 3216 526 3309 ‘Tibulliana
548 3217 636 3281 haud
659 3239 732 3282 raro
760 3216 843 3282 nihil
867 3218 998 3283 omnino
1021 3219 1208 3302 proficimus

61 3329 234 3410 propterea
258 3326 343 3410 quod
370 3325 406 3390 in
428 3324 451 3390 0
476 3325 665 3410 saepissime
693 3348 752 3410 pro
780 3325 875 3390 nudis
899 3326 1088 3391 uulneribus
1112 3324 1209 3390 foeda

63 3437 160 3518 atque
189 3432 347 3499 deformia
373 3434 551 3518 emplastra
576 3435 696 3498 extant.
742 3433 955 3519 nequeenim
978 3432 1209 3518 grammaticus

62 3541 118 3604 ille
147 3541 181 3606 in
205 3538 498 3627 orthographia**)
527 3541 567 3605 ad
591 3562 668 3606 suae
691 3540 808 3605 aetatis
830 3561 980 3604 normam
1002 3538 1210 3604 reformanda

152 3791 176 3857 ‘)
210 3790 285 3843 certe
312 3788 342 3842 in
364 3789 459 3843 uetere
483 3788 613 3858 catalogo
637 3786 743 3842 saeculi
765 3786 804 3840 IX
831 3787 867 3841 ab
890 3785 1013 3856 Hauptio
1036 3785 1066 3840 in
1088 3786 1209 3841 Hermae

62 3877 252 3932 Berolinensis
269 3877 326 3933 uoL
345 3877 385 3931 III
403 3895 430 3947 p.
450 3883 502 3932 221
522 3877 598 3932 edito
617 3875 737 3947 legitnrr
758 3874 836 3931 ‘Albi
854 3875 960 3930 Tibulli
977 3875 1027 3930 lib.
1046 3875 1097 3932 lI’.

135 3967 176 4037 **)
208 3967 273 4023 hinc
293 3967 552 4036 explicandum'est
572 3967 646 4034 quod
666 3963 885 4035 orthographiae
904 3966 1033 4019 uetustae
1057 3966 1087 4020 et
1104 3963 1210 4018 Tibulli

15 4095 25 4103 -
62 4059 189 4125 ternpore
217 4053 338 4109 usitatae
361 4055 421 4109 tam
447 4071 510 4110 raro
535 4055 782 4124 deprehenduntur
806 4053 936 4124 uestigia.
972 4053 1063 4108 ueluti
1084 4052 1208 4123 priscum

62 4144 135 4199 illud
157 4160 193 4198 uo
216 4161 266 4212 pro
285 4161 326 4198 aa
347 4143 402 4198 nisi
423 4145 468 4199 bis
490 4161 547 4198 non
568 4143 671 4198 inueni.
708 4161 775 4197 nam
794 4142 817 4197 si
839 4144 879 4197 III
899 4150 927 4211 6,
947 4149 981 4196 44
1000 4143 1075 4197 Fris.
1098 4142 1208 4198 ‘cauere

63 4234 135 4301 tuo’,
167 4239 188 4285 F
213 4233 324 4287 ‘cauere
347 4233 421 4287 tuos'
446 4233 546 4302 legunt
577 4235 609 4303 (0
632 4232 679 4287 hic
702 4249 812 4301 quoque
837 4232 1037 4302 interpolatam
1058 4231 1209 4286 lectionem

63 4323 152 4377 habet
172 4323 277 4377 ‘carere
295 4323 384 4393 tuo'),
410 4322 477 4391 quid
496 4321 574 4376 aliud
591 4323 663 4377 latet
681 4339 766 4391 quam
786 4322 897 4376 ‘cauere
915 4321 1024 4375 tuom’?
1051 4337 1135 4389 porro
1154 4321 1209 4375 sil

66 4419 90 4481 1,
109 4418 143 4467 27
162 4429 202 4481 sq.
223 4413 287 4468 ‘sub
304 4413 404 4469 umbra
422 4411 537 4467 Arboris
557 4412 593 4466 ad
611 4410 686 4467 rinos
703 4409 909 4482 praetereuntis
928 4409 1029 4479 aquae'
1049 4409 1208 4480 requiritur,
1318 4400 1321 4407 ’
