2858 4994
485 274 653 329 LYGDAMI
672 276 726 328 ΕΒ.
746 283 771 330 3.
790 283 815 329 4.

205 433 355 500 Stamina
377 457 460 520 quae
483 437 605 501 ducunt
628 459 772 521 quaeque
795 437 906 501 futura
931 445 1040 525 neunt,

153 540 211 605 Me
235 545 330 606 uocet
352 543 387 604 in
409 546 521 607 uastos
546 565 657 607 amnes
680 545 870 628 nigramque
893 545 1041 627 paludem

205 647 292 712 Ditis
316 652 349 712 et
371 649 493 732 ignaua
515 651 639 714 luridus
664 650 766 715 Orous
791 674 883 735 aqua.

76 947 104 1013 4
162 950 206 1014 Di
229 950 363 1014 meliora
386 948 503 1028 ferant,
526 971 586 1013 nee
610 950 676 1012 sint
694 951 774 1013 mihi
798 951 924 1015 somnia
947 973 1034 1036 uera,

204 1056 294 1133 Quae
316 1057 393 1120 tulit
415 1056 568 1119 hesterna
590 1056 732 1138 pessima
754 1061 848 1121 noete
872 1059 971 1141 quies.

156 1163 208 1227 Ite
232 1165 344 1247 procul
366 1163 459 1226 uanis
482 1162 664 1245 falsumque
689 1163 825 1226 auertite
849 1165 964 1248 uisum,

203 1267 351 1334 Desinite
374 1270 408 1332 in
431 1268 518 1332 notis
542 1289 694 1351 quaerere
718 1270 801 1332 uelle
824 1271 928 1335 fidem.

76 1391 94 1438 5
136 1374 221 1439 Diui
244 1397 322 1439 uera
346 1380 487 1459 monent,
511 1379 664 1439 uenturae
687 1375 802 1438 nuntia
826 1377 922 1439 sortis

205 1481 292 1546 Uera
314 1485 448 1546 monent
470 1482 582 1546 Tuscis
606 1485 681 1547 exta
703 1483 842 1565 probata
864 1482 957 1545 uiris:

159 1587 295 1654 Somnia
317 1589 427 1653 fallaci
450 1589 567 1653 ludunt
588 1589 762 1652 temeraria
784 1591 878 1651 noete

205 1695 250 1758 Et
272 1696 407 1778 pauidas
431 1698 557 1759 mentes
581 1695 665 1758 falsa
688 1697 801 1759 timere
825 1696 946 1760 iubent.

158 1801 206 1864 Et
228 1823 347 1864 uanum
372 1807 526 1865 euentura
549 1801 718 1865 hominum
741 1823 843 1886 genus
868 1804 977 1866 omina
1000 1804 1104 1867 noetis

81 1924 132 1994 10¹
204 1906 303 1970 Farre
326 1908 380 1991 pio
404 1907 536 1990 placant
559 1911 592 1970 et
615 1908 751 1971 saliente
775 1908 863 1972 sale?

160 2013 206 2076 Et
227 2016 347 2098 tamen,
369 2016 540 2098 utcumque
565 2018 623 2098 est,
647 2015 715 2078 siue
738 2015 786 2076 illi
809 2036 886 2077 uera
909 2016 1041 2093 moneri,

204 2120 353 2184 Mendaei
378 2142 491 2184 somno
515 2121 643 2184 eredere
667 2122 735 2185 siue
760 2122 881 2184 uolent:

159 2226 292 2290 afficiar
315 2250 416 2292 uanos
439 2230 544 2292 noetis
563 2227 685 2292 Lueina
708 2229 841 2292 timores

204 2333 249 2396 Et
272 2333 393 2398 frustra
416 2335 603 2399 inmeritum
626 2336 832 2418 pertimuisse
857 2335 945 2419 uelit,

84 2456 120 2504 15
161 2437 196 2504 Si
219 2462 291 2505 mea
313 2462 372 2504 nee
395 2441 482 2524 turpi
506 2463 596 2505 mens
621 2446 670 2514 est
693 2442 833 2506 obnoxia
856 2441 942 2506 facto

205 2546 273 2611 Neo
295 2546 392 2610 laesit
414 2569 550 2632 magnos
574 2549 675 2631 impia
697 2548 811 2631 lingua
834 2548 919 2612 deos,

159 2653 230 2718 Iam
252 2653 328 2719 Nox
351 2654 530 2718 aetherium
552 2655 655 2738 nigris
681 2649 811 2717 emensa
835 2644 1000 2737 quadrigis

205 2761 361 2825 Mundum
385 2762 531 2826 caeruleo
555 2761 681 2824 lauerat
705 2782 798 2824 amne
822 2764 922 2844 rotas,

144 2955 213 3008 Vas.
232 2975 307 3008 asor.
345 2960 378 3007 30
401 2957 498 3022 neunt]
524 2955 628 3008 canunt
650 2954 797 3019 Heiusr'us;
821 2958 850 3005 at
874 2954 907 3018 ef.
933 2952 965 3005 G.
989 2951 1097 3017 Loeue,
1116 2953 1214 3019 prodr.

69 3045 151 3113 yloss.
171 3045 295 3111 4001137
315 3041 356 3112 in]
377 3043 413 3096 ad
432 3044 459 3094 Ι.
474 3043 512 3095 Η.
538 3043 649 3096 Vossius
662 3043 672 3109 1
686 3047 719 3094 38
739 3039 812 3094 Ditis
832 3041 915 3093 Itali:
935 3040 1019 3093 Diues
1039 3044 1057 3090 0
1075 3043 1078 3107 1
1095 3041 1123 3092 et
1138 3055 1166 3096 ςε
1186 3040 1216 3092 in

68 3137 88 3184 0
109 3132 146 3186 ab
165 3132 197 3184 L.
219 3133 372 3185 Muellerus
388 3133 391 3199 1
409 3132 509 3185 orchus
528 3135 559 3185 Δ.
578 3131 663 3183 uerba
681 3128 787 3182 luridus
807 3145 886 3182 orcus
905 3129 966 3182 hub.
986 3128 1063 3181 Fris.

142 3235 167 3291 4.
196 3238 237 3291 De
256 3237 363 3290 uisione
383 3236 484 3291 somnii
501 3237 531 3290 in
549 3255 604 3305 quo
623 3237 677 3291 sibi
695 3238 729 3290 de
749 3251 832 3290 neera
850 3235 958 3307 phebus
977 3233 1145 3289 uaticinatus
1164 3238 1214 3289 est.

68 3327 132 3382 Rea.
151 3331 201 3378 AV
219 3327 320 3396 Elegia
338 3327 377 3379 IV
396 3331 417 3377 0
435 3344 469 3379 ru.
488 3343 538 3380 ree.
557 3327 589 3379 r'u
608 3332 623 3378 2
644 3327 692 3379 liu.
712 3327 815 3379 iuterst.
830 3327 867 3393 111
888 3323 924 3375 Di
943 3327 976 3375 G:
996 3322 1212 3394 0110010111ιί

69 3415 179 3471 somnia
204 3419 236 3467 0:
259 3413 398 3468 insomnia
421 3429 437 3470 ς
460 3417 469 3482 11
492 3422 507 3467 2
532 3415 669 3482 hesterna,
695 3417 736 3467 u'tu
760 3418 779 3464 0
802 3417 811 3482 11
834 3419 849 3465 3
871 3412 951 3465 uanis
971 3412 999 3481 (r'.
1018 3428 1039 3465 e.
1063 3413 1098 3465 ad
1116 3417 1215 3482 uanos)

68 3505 181 3572 scripsi:
201 3502 267 3557 uani
286 3508 304 3554 0
324 3512 428 3556 uanum
446 3507 468 3554 V
487 3520 521 3555 ur.
537 3509 552 3555 2
567 3519 618 3571 usp.
633 3504 673 3571 114
691 3501 793 3556 Desine
813 3503 841 3554 et
859 3501 887 3553 in
902 3505 935 3566 0,
955 3517 1022 3553 eorr.
1039 3519 1057 3566 g
1073 3505 1077 3567 1
1098 3501 1127 3554 in
1140 3502 1214 3556 uotis

70 3598 106 3660 0,
129 3593 201 3661 quod
224 3592 337 3645 eorreur‘.
356 3607 405 3644 uec
430 3592 501 3644 euim
520 3592 614 3644 uotiua
637 3591 766 3645 uoeubulr'
787 3592 869 3643 notus
892 3589 1059 3655 stpuifieutio
1082 3589 1122 3657 (in
1139 3589 1214 3643 notis

70 3706 106 3726 =
123 3681 155 3733 in
173 3680 213 3734 eis
231 3679 280 3747 qui
298 3696 349 3734 uos
367 3681 480 3747 norunt)
501 3680 613 3745 Plauto,
634 3680 763 3734 Phaedro
778 3680 893 3746 ullisque
906 3677 1010 3729 usr'tutu
1024 3677 1097 3730 huuc
1105 3684 1215 3746 poetam

70 3770 185 3824 dedecet.
213 3770 384 3823 coniecerunt
408 3768 531 3835 Seatiper
552 3767 582 3821 in
604 3769 697 3836 uobis,
722 3769 852 3821 Muretus
879 3767 909 3819 in
931 3765 1029 3833 uanis,
1055 3765 1163 3820 Statius
1187 3768 1216 3821 in

69 3857 164 3912 uentis
187 3859 232 3912 uel
254 3857 364 3925 inuitis,
388 3857 504 3910 Guietus
526 3856 556 3910 in
579 3856 672 3923 nobis,
696 3857 831 3910 Heiusr'us
852 3846 883 3908 tn
901 3854 975 3908 ueris
989 3855 998 3922 11
1018 3860 1033 3906 5
1052 3859 1166 3909 manent
1185 3862 1215 3924 0,

68 3963 140 4001 corr.
161 3966 179 4013 g
201 3949 210 4016 11
235 3952 258 4014 7,
279 3952 294 3999 8
317 3945 378 3999 uuo.
399 3945 474 4000 Fris.
499 3951 524 3999 et
550 3947 616 3999 Pur.
641 3947 650 4013 11
673 3952 688 3999 0
708 3947 747 3999 At
765 3965 783 4012 g
804 3948 807 4014 1
829 3963 931 3998 uanum
951 3944 1086 3997 euentura
1103 3946 1214 4012 scripsi:

69 4053 176 4090 uanum
194 4036 314 4089 uentura
332 4038 353 4084 0
371 4036 468 4106 natum
487 4037 610 4089 maturas
625 4039 675 4086 AV
689 4037 786 4088 natum
801 4036 830 4088 in
845 4051 924 4088 curas
940 4048 956 4090 ς
971 4048 1073 4085 uanum
1088 4036 1215 4087 metuens

70 4143 90 4190 g
106 4127 110 4193 1
128 4122 229 4190 omina,
248 4123 317 4175 itu0
332 4124 341 4190 11
357 4128 389 4174 10
399 4122 513 4190 placent
522 4128 552 4191 0,
567 4141 635 4176 corr.
646 4141 664 4188 g
677 4124 686 4191 11
702 4130 733 4175 11
744 4122 851 4177 moneri
867 4125 918 4191 (itu
928 4127 960 4190 0)
970 4123 1002 4174 iu
1011 4121 1136 4175 monenti
1145 4139 1213 4177 corr.

69 4231 90 4278 g
107 4214 117 4279 11
137 4217 169 4264 13
188 4212 323 4264 tremores
342 4211 375 4261 L.
388 4211 562 4279 Muellerusll
578 4217 611 4264 14
624 4211 795 4264 immeritum
811 4216 832 4262 0
848 4213 852 4278 1
868 4208 1035 4279 pertinuisse
1050 4214 1080 4276 Δ,
1097 4226 1164 4263 eorr.
1180 4230 1214 4265 ur.

69 4301 392 4368 0001117101010000010
410 4303 460 4350 AV
477 4301 480 4367 1
497 4315 609 4352 emensa
627 4303 650 4350 V
668 4315 719 4366 urp.
739 4316 772 4351 ru.
793 4305 822 4352 2:
846 4315 953 4353 emersa
971 4301 1024 4348 AV
1039 4297 1164 4354 dimensa
1180 4306 1214 4370 0;

69 4389 135 4456 sort.
156 4387 287 4447 demensa
