2858 4994
502 286 786 342 PROLEGOMENA.
1153 289 1219 344 XlX

161 447 316 515 Codicum
343 451 436 516 nobis
465 450 705 534 suppetentium
734 450 909 534 archetypo
938 452 1048 537 (quem
1071 451 1094 517 0
1119 453 1218 538 signi·

66 557 164 622 ficaui
193 579 351 641 quemque
383 581 450 623 non
481 558 549 622 sine
577 557 808 641 probabilitate
841 558 968 622 saeculo
996 558 1216 625 adscribamus

66 663 173 750 nono)
207 667 371 749 restitute,
408 665 470 729 etsi
502 665 534 729 id
567 665 695 748 quidem
727 665 893 730 consecuti
924 687 1035 730 sumus
1067 668 1104 730 ut
1119 708 1122 713 -
1136 667 1216 733 locis

65 771 218 854 plurimis
249 775 345 836 antea
368 773 410 836 ob
433 772 591 837 Italorum
613 771 883 856 interpolationes
907 772 1014 837 dubiis
1039 773 1215 839 iam·oert0

67 877 108 940 de
133 878 268 962 antiqua
292 878 453 962 scriptura
478 881 620 963 constet,
653 879 862 943 uehementer
884 883 996 944 tamen
1018 880 1151 945 fallatur
1175 883 1215 946 si-

67 984 140 1068 quis
164 984 297 1049 editoris
325 1007 442 1049 munus
471 983 677 1070 officiumque
705 987 890 1051 absolutum
914 989 1015 1069 putet.
1060 987 1214 1053 nimirum

66 1092 138 1175 ipse
169 1091 224 1155 ille
257 1091 451 1175 archetypus
479 1091 569 1156 uitiis
602 1091 790 1157 abundabat
818 1093 1009 1178 omnigenis.
1055 1093 1140 1178 quod
1168 1096 1215 1159 in-

64 1197 233 1282 tellegitur
256 1198 453 1282 comparatis
477 1198 549 1263 aliis
573 1220 654 1282 quae
677 1199 772 1265 nobis
796 1200 915 1264 adsunt
933 1200 1095 1265 subsidiis.
1128 1202 1214 1267 bona

64 1305 153 1368 enim
176 1304 308 1369 fortuna
332 1305 441 1369 euenit
462 1308 500 1369 ut
522 1310 650 1390 praeter
673 1305 696 1370 0
719 1306 782 1371 duo
806 1307 922 1391 quibus
947 1307 987 1371 ad
1010 1306 1131 1372 Tibulli
1154 1309 1213 1373 ori-

65 1413 118 1476 sin
142 1434 181 1476 ex
203 1415 297 1496 parte
321 1413 369 1476 uti
391 1413 469 1477 licet
491 1413 597 1477 fontes
621 1413 688 1477 sint
710 1416 850 1497 praesto.

154 1517 200 1583 Et
223 1522 373 1602 excerpta
394 1519 619 1605 Frisingensia
641 1517 769 1605 (Fris),
800 1521 944 1585 extantia
965 1522 1024 1586 illa
1046 1523 1082 1587 in
1104 1523 1213 1588 codice

63 1649 152 1691 nunc
185 1627 375 1691 Monacensi
408 1627 495 1691 6292
528 1648 610 1691 saec.
641 1625 702 1711 XI,
740 1627 801 1690 etsi
838 1627 962 1693 ambitu
999 1632 1050 1693 sat
1087 1630 1213 1716 exiguo,

65 1734 184 1798 summi
206 1736 316 1797 tamen
343 1732 440 1815 pretii
464 1735 553 1816 sunt,
585 1754 661 1797 nam
689 1755 792 1818 neque
820 1735 919 1798 uerba
946 1734 1067 1799 tradita
1094 1736 1136 1801 ab
1159 1758 1212 1800 ex·

64 1845 211 1926 cerptore
230 1840 390 1904 inmutata
416 1842 504 1902 etex
523 1838 632 1904 codice
654 1840 854 1924 aliquantum
878 1863 975 1924 quam
994 1835 1017 1906 0
1035 1842 1211 1927 integriore

63 1953 98 2013 et
120 1949 189 2013 sine
214 1948 312 2012 dubio
342 1946 524 2030 antiquiore
553 1949 683 2030 sumpta
707 1949 792 2011 sunt.
838 1946 876 2012 de
901 1949 1018 2033 quibus
1043 1950 1211 2034 excerptis,

61 2058 238 2141 postquam
257 2055 388 2119 breuem
412 2053 752 2118 commemorationem
775 2053 957 2118 iniecerunt
975 2054 1132 2120 Gruterus
1157 2057 1211 2138 [cf.

62 2159 254 2226 Gebhardus
279 2161 319 2224 ad
342 2159 359 2224 Ι
382 2161 417 2244 2,
443 2160 497 2240 19]
527 2163 559 2223 et
582 2158 807 2224 Lachmannus
837 2159 951 2243 [praef.
973 2183 1005 2245 p.
1022 2161 1114 2246 VH],
1146 2164 1210 2246 pri-

62 2291 136 2332 mus
165 2290 237 2332 cum
266 2289 343 2332 cura
370 2265 522 2331 disseruit
550 2265 625 2330 Luc.
648 2265 824 2330 Muellerus
851 2266 886 2329 in
907 2265 1108 2360 Fleckeiseni
1137 2291 1209 2334 ann.

62 2398 90 2440 a.
117 2375 202 2440 1869
233 2376 277 2458 [p.
306 2375 348 2439 63
373 2376 469 2459 sqq.];
507 2372 545 2438 of.
574 2377 607 2437 et
634 2373 672 2438 n.
699 2372 839 2438 Protzen
866 2374 887 2438 l.
915 2375 936 2439 l.
966 2397 996 2458 p.
1025 2376 1138 2462 3sqq.
1168 2413 1206 2424 —

62 2485 196 2546 seruant
217 2485 325 2546 autem
350 2482 421 2546 sola
437 2480 659 2566 Frisingensia
681 2483 718 2544 ut
736 2481 908 2546 nonnullas
933 2483 1081 2568 egregias
1100 2483 1209 2548 lectio-

60 2611 119 2653 nes
148 2587 211 2673 (ex.
234 2609 281 2673 gr.
305 2588 321 2654 I
345 2590 379 2673 2,
405 2589 444 2652 19
473 2587 577 2652 ‘molli
604 2587 717 2652 furtim
744 2589 895 2671 derepere
923 2588 1048 2675 lecto'),
1080 2591 1128 2654 ita
1155 2591 1209 2656 hio
1288 2598 1294 2608 '

60 2695 128 2759 illic
155 2696 224 2760 ueri
251 2694 392 2781 uestigia
420 2693 609 2760 certissima.
656 2694 702 2759 sio
727 2694 743 2759 Ι
769 2697 801 2774 1,
824 2695 880 2775 25,
913 2696 967 2780 qni
994 2718 1106 2761 uersus
1133 2702 1209 2780 post

61 2799 217 2866 foliorum
238 2800 508 2867 disturbationem
530 2802 564 2865 in
582 2802 677 2866 initio
695 2803 796 2866 traxit
818 2801 983 2886 mendum,
1006 2803 1090 2869 Fris.
1110 2827 1208 2891 quam

60 2908 208 2992 proxime
232 2908 273 2972 ad
291 2908 462 2972 ueritatem
485 2907 563 2972 ‘iam
584 2909 680 2974 modo
704 2909 769 2972 iam
788 2909 923 2991 possim'
943 2911 1110 2995 exhibent,
1135 2933 1207 2976 cum

60 3015 94 3078 in
113 3013 137 3078 0
160 3017 274 3097 aperta
298 3017 385 3079 extet
407 3013 626 3098 interpolatio.
658 3016 799 3079 ceterum
822 3015 850 3078 is
870 3038 995 3101 quoque
1019 3016 1103 3081 unde
1120 3017 1207 3084 Fria

59 3120 222 3185 fluxerunt
251 3120 351 3184 codex
377 3123 526 3185 uetustus
556 3120 678 3185 eisdem
706 3121 821 3205 quibus
850 3120 873 3185 0
906 3121 939 3185 in
970 3123 1073 3209 elegia
1101 3126 1207 3207 prima

58 3227 165 3292 turbis
194 3227 366 3312 eademque
394 3226 445 3291 ΙΠ
472 3227 507 3312 4,
533 3226 575 3292 65
603 3229 719 3293 lacuna
745 3228 917 3293 laborabat
946 3227 1036 3314 (nam
1064 3231 1206 3318 alioquin

58 3335 106 3398 ibi
129 3356 196 3399 non
219 3334 325 3399 solum
347 3336 586 3418 pentametrum
609 3335 693 3400 Fris
716 3334 896 3422 haberent).

149 3439 299 3505 Alterum
327 3444 436 3506 autem
464 3440 644 3506 subsidium
671 3444 722 3505 est
743 3441 962 3526 fragmentum
990 3442 1072 3507 illud
1094 3466 1205 3527 perue-

58 3550 196 3631 tustum,
220 3547 306 3632 quod
327 3545 472 3631 Scaliger
494 3546 614 3611 Iacobo
638 3543 771 3612 Cuiacio
795 3547 935 3613 debebat
958 3552 1125 3633 acceptum
1143 3550 1204 3638 (F).

57 3654 138 3719 haec
162 3653 351 3718 membrana
373 3654 497 3736 optima
520 3652 794 3738 nobilissimaque,
817 3675 898 3738 quae
922 3677 942 3718 a
960 3654 1119 3741 Lygdami
1143 3659 1204 3722 ele-

59 3762 131 3846 giae
155 3763 289 3844 quartae
312 3782 342 3825 u.
367 3759 409 3825 65
432 3758 562 3844 incipit,
586 3782 605 3824 a
629 3757 794 3844 Scaligero
818 3761 948 3825 conlata
971 3764 1021 3827 est
1044 3785 1116 3828 cum
1140 3764 1204 3829 edi·

58 3867 158 3932 tionis
181 3866 408 3932 Plautinianae
432 3889 460 3931 a.
486 3865 570 3931 1569
599 3867 777 3949 exemplari
800 3866 939 3952 quodam
964 3869 1148 3936 etiamnunc
1170 3873 1204 3936 in

58 3972 241 4040 academiae
282 3971 611 4057 Lugduno-Batauae
653 3973 852 4038 bibliotheca
893 3975 1064 4042 adseruato
1106 3977 1204 4058 [inter

57 4082 160 4146 libros
183 4077 286 4163 Lipsii
308 4101 341 4143 n.
364 4077 435 4161 59];
468 4078 503 4141 in
531 4102 594 4163 quo
622 4079 798 4164 fragmenti
825 4081 986 4177 lectiones·
1007 4082 1125 4148 litteris
1149 4081 1203 4150 00
1286 4128 1289 4147 .

57 4190 206 4274 signatae
239 4189 332 4250 sunt:
375 4185 414 4250 cf.
447 4185 579 4251 omnino
613 4183 648 4250 O.
675 4185 719 4250 M.
745 4185 913 4252 Francken
946 4189 1129 4273 [verslagen
1162 4212 1203 4255 en

56 4293 320 4378 mededeelingen
348 4292 404 4356 der
431 4291 641 4377 Koninlrlijlre
670 4293 836 4358 alrademie
864 4316 928 4358 van
955 4296 1203 4380 wetenschapen

55 4401 87 4468 X
111 4424 141 4485 p.
165 4398 208 4462 33
233 4400 315 4483 sqq]
341 4402 375 4462 et
396 4397 456 4463 nd.
480 4397 625 4463 Hillerus
648 4398 683 4463 in
706 4399 809 4464 musei
832 4398 983 4465 Rhenani
1005 4401 1070 4466 uol.
1093 4401 1201 4468 XXIX

947 4504 988 4560 b*
