2858 4994
137 198 229 254 XVIII
568 197 849 258 PROLEGOMENA.

137 385 213 427 nam
236 362 335 427 fuerit
356 364 439 427 liber
461 363 515 427 ille
539 366 700 446 uetustuS,
731 384 826 446 quem
849 335 997 426 Veronae
1027 385 1046 425 a
1069 362 1287 448 Pastrengico

138 471 171 531 et
198 471 329 534 auctore
356 468 470 533 florum
503 491 583 535 mor.
610 468 842 533 auctoritatum
872 467 1053 551 inspectum
1083 491 1158 534 esse
1191 493 1290 554 supra

139 576 182 658 [p.
197 571 244 638 Vl
260 577 319 659 sq.]
344 576 538 641 reddidimus
561 577 739 667 probabile.
773 577 907 659 praehet
929 581 1037 641 autem
1060 577 1114 641 hic
1141 577 1159 641 I
1179 578 1213 662 4,
1233 579 1290 642 21:

341 717 409 782 Neo
432 719 538 782 iurare
561 718 640 783 time
663 719 798 783 Veneris
822 718 964 801 periuria
987 719 1074 782 uent'

385 824 483 889 lrrita
505 847 563 908 per
585 828 690 890 terras
715 830 748 890 et
769 826 869 911 longa
891 825 976 890 freta
999 826 1116 889 ferunt.

138 968 172 1031 in
195 967 317 1032 minore
341 988 437 1031 uersu
459 967 488 1029 A
512 964 562 1058 ‘et’
578 966 662 1031 freta
686 966 831 1051 summa',
864 967 893 1031 V
917 967 962 1032 ‘et
988 963 1136 1032 ''summa
1161 962 1291 1052 ''freta',

136 1073 292 1139 Gautem
316 1073 361 1138 ‘et
384 1075 455 1137 loca
480 1070 616 1137 summa'
645 1073 778 1138 tradunt
801 1073 1019 1156 discrepantia
1047 1075 1098 1136 sat
1125 1095 1290 1139 memora·

136 1181 204 1246 bili.
252 1182 360 1245 nullus
390 1183 498 1244 autem
527 1179 638 1243 dubito
667 1180 745 1263 quin
772 1183 870 1263 poeta
901 1179 933 1243 id
962 1179 1046 1264 quod
1073 1177 1133 1242 AV
1162 1180 1291 1245 hahent

137 1289 316 1373 scripserIt,
348 1291 462 1371 utpote
491 1287 576 1372 quod
604 1287 709 1372 magis
739 1285 891 1371 graphice
920 1307 956 1349 ac
984 1285 1110 1368 poetice
1140 1284 1195 1372 (ut
1223 1287 1289 1352 iam
1329 1344 1331 1359 ,

136 1394 293 1459 Dissenus
325 1393 542 1479 Riglerusque
575 1391 784 1478 monuerunt)
817 1392 938 1456 dictum
972 1391 1028 1474 sit,
1062 1414 1135 1456 cum
1171 1397 1289 1457 contra

136 1500 215 1564 illud
244 1498 364 1584 ‘longa'
393 1499 549 1563 humilem
578 1498 768 1584 glossatoris
800 1498 999 1561 intellectum
1029 1497 1182 1585 sapiat.)
1232 1500 1288 1564 sed

136 1607 298 1691 quomodo
327 1604 498 1670 diuersitas
527 1604 584 1667 illa
612 1604 762 1668 lectionis
795 1607 867 1668 orta
895 1602 988 1667 est‘l-
1016 1604 1173 1687 scriptum
1208 1608 1288 1690 erat,

136 1715 173 1776 ut
194 1714 288 1796 puto,
311 1712 344 1775 in
367 1713 475 1774 uetere
500 1710 640 1793 quodam
663 1711 746 1776 libro
771 1711 812 1775 ad
835 1712 1061 1797 corrigendum
1085 1711 1215 1775 scribae
1240 1735 1287 1776 er-

135 1893 242 1936 rorem
275 1870 323 1935 ‘et
354 1812 637 1937 locirellslumma's
671 1875 704 1936 et
735 1871 763 1935 is
797 1871 926 1956 quidem
964 1871 1018 1955 qui
1051 1871 1118 1935 siue
1151 1871 1176 1937 (l
1217 1874 1287 1939 siue

135 1979 231 2044 huius
260 1978 426 2062 exemplar
452 1983 616 2044 uetustum
645 1979 792 2043 exarauit
821 1979 965 2063 neglexit
991 1980 1142 2044 uoculam
1172 2003 1288 2064 supra·

136 2087 305 2170 scriptam3
328 2089 363 2150 at
385 2086 420 2151 in
439 2087 541 2152 altero
560 2085 763 2171 apographo,
787 2088 971 2150 correctura
988 2107 1088 2170 praue
1106 2084 1287 2172 intellecta,

136 2189 219 2256 ‘loca
246 2191 340 2256 freta’
370 2191 566 2276 descriptum
594 2199 653 2258 est.
699 2215 738 2256 ex
764 2181 826 2257 ho'c
856 2196 964 2256 autem
993 2190 1076 2256 ‘loca
1102 2191 1200 2256 freta'
1233 2194 1288 2258 de·

135 2298 209 2362 inde
236 2298 357 2362 factum
386 2311 456 2361 esse
485 2297 595 2382 ‘longa
616 2297 712 2363 freta'
741 2320 843 2382 paene
873 2299 1107 2364 consectarium
1133 2301 1200 2381 est;
1240 2300 1288 2364 sic

136 2405 222 2469 enim
244 2404 334 2469 nasci
358 2405 464 2469 solent
482 2406 694 2489 corruptelae.
727 2406 846 2470 artIore
865 2406 966 2490 igitur
989 2405 1193 2490 cognationis
1213 2407 1288 2471 uin-

136 2511 208 2576 culo
233 2511 384 2576 cohaeret
405 2509 525 2575 librili
548 2512 677 2597 genitor
701 2534 774 2576 oum
796 2513 984 2578 membrana
1008 2535 1104 2598 quam
1128 2513 1287 2595 supponi-

136 2640 207 2682 mus
230 2616 428 2696 Veronensi3
460 2619 526 2683 nisi
548 2619 631 2684 forte
654 2621 751 2703 plane
773 2620 859 2684 idem
883 2642 956 2685 cum
978 2620 1039 2684 hac
1063 2618 1133 2683 fuit.
1178 2641 1288 2704 neque

136 2725 223 2789 enim
250 2726 425 2809 quidquam
453 2726 625 2809 quominus
655 2726 740 2790 hanc
765 2749 937 2810 sequamur
966 2725 1160 2792 sententiam
1183 2726 1289 2811 impe-

136 2831 197 2916 dIt,
228 2831 324 2897 modo
348 2832 428 2896 illud
452 2830 565 2916 ‘longa
587 2831 681 2897 freta'
705 2834 746 2919 ab
770 2833 842 2916 ipso
865 2834 982 2898 florum
1007 2835 1136 2897 auctore
1159 2854 1220 2915 pro
1247 2856 1288 2899 eo

135 2938 221 3023 quod
243 2939 399 3003 traditum
422 2940 552 3023 putauIt
574 2937 656 3003 ‘loca
674 2938 770 3003 freta'
794 2941 974 3022 repositum
997 2960 1067 3003 esse
1091 2940 1288 3004 statuamus

104 3063 108 3071 '
223 3045 396 3111 Librorum
414 3045 473 3110 AV
492 3049 524 3109 et
543 3044 568 3110 (l
590 3049 755 3129 parentes,
779 3068 973 3131 quamquam
997 3048 1104 3110 aetate
1127 3045 1288 3133 dispares,

135 3157 246 3218 tamen
268 3153 386 3217 fratres
411 3154 498 3217 sunt.
542 3151 605 3217 hoc
633 3174 706 3216 cum
731 3154 853 3217 multae
876 3155 1050 3218 uerborum
1078 3155 1287 3236 corruptelae

135 3263 205 3323 tum
229 3260 362 3323 lacunae
386 3258 532 3341 utrisque
556 3280 741 3324 communes
763 3258 917 3325 indicant.
954 3261 1063 3344 itaque
1086 3259 1148 3324 hoc
1172 3260 1287 3326 euadit

135 3368 289 3429 stemma:
695 3418 718 3483 0

440 3514 971 3550 ——ffl——i

428 3584 449 3625 X

309 3647 391 3736 (cod.
414 3648 533 3715 Veron.
541 3648 573 3736 t)

232 3814 293 3858 cac.
316 3792 392 3858 Pur.

206 4164 231 4233 *)
257 4164 344 4219 codex
361 4163 606 4219 Lachmannianus
624 4165 664 4234 A,
684 4163 780 4233 quiin
799 4164 898 4220 ceteris
917 4166 953 4220 ab
971 4169 1022 4218 AV
1042 4164 1208 4234 (adsumptis
1227 4165 1279 4218 ah-

135 4255 204 4322 quot
221 4269 255 4306 ex
274 4258 295 4305 G
312 4253 491 4323 lectionibus)
515 4253 631 4323 pendet,
661 4253 744 4307 ‘freta
767 4253 862 4322 longa’
887 4248 1013 4322 exhibet,
1041 4270 1119 4307 mera
1140 4253 1194 4307 hoc
1219 4253 1279 4307 siue

134 4342 313 4411 neglegentia
331 4342 390 4397 siue
409 4342 634 4412 interpolatione.
