2858 4994
134 160 200 216 VIII
564 159 848 216 PROLEGOMENA.

135 323 180 388 eis
209 344 291 409 quae
313 323 419 407 prima
446 345 560 388 manus
589 345 628 387 ex
652 322 827 408 archetypo
851 324 1022 408 descripsit
1049 325 1199 408 positum
1227 326 1288 408 est,

135 430 230 494 nauci
253 429 403 493 habende
427 433 503 495 sunt
531 452 613 514 quae
635 429 885 514 interpolatores
907 429 983 495 Itali
1005 434 1119 515 postea
1147 431 1219 494 siue
1249 452 1289 494 ex

136 535 209 599 aliis
232 534 324 600 libris
349 536 417 600 siue
441 558 479 601 ex
502 535 633 620 ingenio
656 536 844 601 intulerunt.
876 537 986 620 itaque
1009 540 1095 601 recte
1118 537 1199 602 feeit
1218 536 1288 601 Au-

135 643 250 726 gustus
272 640 363 727 Mau,
392 642 447 726 qui
469 641 611 706 codicem
635 664 654 705 a
675 642 805 708 Loewio
832 644 1050 707 examinatum
1078 665 1151 707 mea
1174 643 1288 728 gratia

136 751 283 812 accurate
307 749 461 834 excussit,
491 748 578 832 quod
601 771 712 814 omnes
736 750 809 815 illas
833 753 1051 815 correctorum
1077 772 1193 814 manus
1219 772 1288 815 uno

137 854 221 938 siglo
244 875 329 920 man.
351 860 375 920 2
398 841 648 938 comprehendit.

226 958 317 1024 Adeo
345 964 453 1025 autem
475 962 504 1025 A
528 963 561 1025 et
582 960 612 1026 V
640 960 683 1048 (si
705 985 809 1046 pauca
833 986 914 1049 quae
940 964 973 1027 in
996 967 1132 1048 utroque
1156 965 1289 1029 scribae

137 1066 310 1131 oscitantia
333 1067 496 1130 commisit
519 1067 714 1152 omittimus)
740 1069 825 1133 iuter
847 1092 882 1134 se
906 1072 1125 1155 consentiunt,
1157 1073 1195 1134 ut
1219 1072 1289 1135 iam

136 1173 203 1237 fere
231 1172 339 1237 ubiuis
367 1194 568 1238 communem
597 1196 706 1239 eorum
736 1177 945 1261 archetypum
974 1178 1144 1261 reciperati
1173 1177 1289 1242 simus.

137 1304 177 1346 ex
204 1302 267 1366 quo
294 1302 372 1345 num
395 1280 528 1345 tertium
557 1281 781 1366 apographum
811 1283 853 1347 sit
878 1283 1000 1349 factum
1027 1306 1094 1350 non
1116 1283 1208 1366 potui
1238 1286 1288 1347 in-

137 1388 309 1471 uestigare.
351 1387 416 1452 iam
440 1388 539 1453 ceteri
562 1388 687 1453 codices
712 1387 888 1485 Tibulliani
911 1391 991 1453 mihi
1013 1391 1084 1454 noti
1106 1426 1143 1435 —
1167 1390 1288 1474 ingens

138 1500 247 1560 autem
274 1517 385 1560 eorum
414 1498 464 1558 est
490 1517 642 1560 numerus
672 1497 703 1558 et
732 1495 766 1558 in
790 1496 950 1578 plerisque
974 1497 1120 1561 Tibullus
1148 1496 1288 1561 comites

137 1602 236 1666 habet
264 1599 428 1666 Catullum
455 1601 723 1686 Propertiumque
752 1639 793 1650 —
824 1603 950 1667 saeculo
977 1602 1047 1667 XV.
1068 1602 1179 1685 scripti
1208 1610 1289 1666 sunt

139 1711 171 1772 et
200 1704 313 1792 (unum
343 1707 371 1770 si
394 1707 548 1790 excipias)
577 1707 675 1793 longe
697 1708 857 1792 longeque
886 1731 905 1773 a
928 1709 1085 1774 librorum
1107 1707 1170 1773 AV
1193 1731 1289 1792 prae-

139 1815 261 1879 stantia
283 1814 452 1899 recedunt,
477 1818 589 1898 utpote
613 1814 770 1879 Italorum
794 1815 1098 1898 interpolationibus
1124 1818 1290 1880 scatentes

140 1943 241 2005 eoque
263 1921 382 1985 nullius
406 1942 538 2004 prorsus
568 1920 699 1985 adrem
723 1920 869 1985 criticam
891 1922 997 2004 pretii.
1042 1922 1152 1987 nescio
1177 1925 1290 1986 autem

139 2050 182 2092 an
207 2027 316 2093 nullus
344 2031 440 2111 poeta
468 2027 634 2093 Romanus
665 2027 767 2092 doctis
797 2028 884 2091 illius
913 2029 1070 2111 temporis
1098 2028 1289 2093 hominibus

140 2133 244 2219 magis
268 2133 367 2197 fuerit
389 2137 501 2218 gratus
525 2137 737 2218 acceptusque
761 2155 858 2217 quam
881 2134 1036 2198 Tibullus.
1072 2135 1147 2199 hinc
1170 2135 1289 2218 primis

141 2241 253 2304 statim
286 2241 406 2304 saeculi
434 2241 496 2306 XV
527 2239 689 2304 decenniis
724 2241 830 2303 ortum
863 2241 912 2303 est
944 2239 1029 2304 inter
1058 2239 1159 2303 Italos
1193 2242 1289 2323 quasi

142 2347 303 2432 quoddam
321 2350 484 2410 certamen
503 2347 537 2410 in
552 2345 769 2410 emaculandis
788 2345 877 2409 illius
892 2346 1059 2429 poematis.
1084 2349 1153 2409 tum
1169 2347 1290 2429 quippe

141 2453 316 2518 extiterunt
334 2453 455 2518 Tibulli
478 2453 701 2517 emendatores
725 2474 797 2517 cum
819 2452 875 2516 alii
898 2456 968 2515 tum
987 2451 1125 2517 Ioannes
1145 2452 1290 2536 Aurispa

141 2557 411 2647 (lato-1459),
448 2560 589 2625 Thomas
614 2558 736 2625 Seneca
764 2557 933 2646 (Anconae
961 2560 1015 2642 qui
1039 2559 1124 2623 circa
1148 2582 1175 2622 a.
1202 2560 1290 2623 1420

139 2658 278 2751 floruit),
315 2665 468 2732 louianus
501 2668 667 2732 Pantanus
705 2664 975 2752 (meo-1503).
1024 2666 1141 2730 horum
1179 2667 1289 2732 studia

142 2773 327 2839 etiamnunc
358 2774 393 2836 in
425 2775 517 2839 libris
549 2796 625 2838 mss
655 2774 888 2838 recentissimis
919 2772 967 2859 (ς)
998 2773 1141 2836 extantia
1173 2777 1209 2836 ut
1239 2774 1289 2837 in·

142 2882 332 2962 lustrentur,
365 2880 608 2946 communicabo
636 2902 709 2944 cum
737 2881 913 2946 lectoribus
938 2877 1076 2944 Senecae
1106 2878 1289 2964 epistulam,

143 3009 240 3072 quam
263 3007 280 3050 e
304 2985 414 3051 codice
432 2987 594 3053 Vaticano
618 2988 706 3052 2794
730 3009 812 3052 saec.
831 2985 892 3051 XV
913 2983 982 3072 (fol.
1004 2983 1050 3070 1²)
1074 2989 1191 3069 rogatu
1215 3008 1287 3050 meo

144 3093 312 3178 descripsit
338 3092 497 3157 Loewius.
543 3093 688 3157 continet
717 3096 826 3156 autem
852 3092 905 3155 hic
933 3092 1015 3155 liber
1043 3091 1207 3156 Tibullum
1236 3115 1288 3157 ea-

143 3200 214 3265 dem
238 3222 301 3284 qua
324 3199 497 3282 epistulam
520 3221 618 3263 manu
642 3198 806 3280 scriptum.

400 3377 538 3442 Iohanni
559 3376 756 3440 Ariminensi
778 3375 890 3457 optineo
907 3373 1028 3455 phisico

496 3484 631 3549 Thomas
653 3481 768 3548 Seneca
789 3479 935 3546 Saintena

233 3629 389 3694 Anderenr
416 3628 561 3708 fortassis
589 3645 699 3707 capere
727 3624 830 3688 nerbis
858 3644 981 3705 operam
1008 3622 1088 3689 banc
1116 3645 1228 3709 rneanr,
1261 3628 1289 3689 si

144 3742 180 3801 nt
196 3757 261 3819 par
282 3737 388 3816 sanat
408 3735 490 3799 altro
513 3753 550 3796 ac
571 3733 701 3813 inpense
724 3731 771 3794 tni
790 3731 896 3812 pratia
918 3733 1106 3812 excepissent.
1142 3733 1196 3796 sea
1216 3753 1288 3812 prro-

146 3845 234 3908 niarn
257 3848 286 3907 et
306 3847 430 3924 ropatns
452 3845 482 3904 et
498 3840 601 3921 precio
622 3859 693 3903 snrn
715 3840 758 3903 ad
779 3859 847 3902 earn
869 3840 1031 3917 adductas,
1054 3840 1138 3903 nntle
1159 3844 1232 3903 sant
1254 3841 1287 3903 in

145 3952 284 4034 beneficio
303 3953 409 4030 partes
431 3946 644 4028 mercennarii,
667 3966 723 4027 pne
745 3947 789 4010 ad
806 3945 928 4011 tandein
950 3952 979 4011 et
992 3948 1129 4028 pratianr
1146 3947 1287 4027 proncis-

145 4063 264 4123 aantnr.
310 4056 414 4122 Unarn
436 4055 517 4120 iliad
537 4053 632 4117 andro
655 4054 765 4137 dicere,
787 4054 869 4134 qnod
884 4054 1014 4134 pessimi
1034 4053 1135 4132 facere
1157 4073 1286 4117 merceri-

147 4167 234 4230 narii
261 4186 324 4230 non
349 4165 459 4247 solent,
490 4166 608 4245 qnanta
628 4161 721 4242 potni
747 4161 888 4224 nianirna
910 4181 987 4224 cara
1008 4159 1159 4224 staalnisse
1183 4165 1219 4223 nt
1240 4162 1287 4223 in-

147 4273 270 4337 dustria
287 4292 463 4352 mqierarern
481 4290 557 4352 apres
569 4269 823 4334 mercennariam.
846 4288 941 4349 neqne
959 4268 1040 4331 enirn
1058 4267 1105 4330 ita
1122 4271 1158 4329 nt
1170 4271 1289 4349 repperi
