2858 4994
136 187 179 249 42
553 191 697 246 TIBULLI
716 193 784 247 LlB.
803 193 837 250 11.
857 201 883 252 3.

272 353 422 438 Raraque
445 376 503 438 per
525 376 625 418 nexus
650 359 699 419 est
722 356 776 420 uia
800 355 887 423 facta
912 381 991 424 sero.

155 477 188 525 20
226 459 253 525 O
274 461 421 545 quotiens
446 461 501 526 illo
525 460 663 526 uitulum
688 464 836 546 gestante
855 486 913 547 per
936 485 1033 550 agros

269 565 396 632 Dicitur
420 589 590 632 occurrens
614 569 780 634 erubuisse
804 571 908 634 sorori

224 673 251 739 O
274 675 422 758 quotiens
446 697 551 760 ausae,
574 680 704 741 caneret
727 699 800 741 cum
823 678 909 742 ualle
933 677 993 741 sub
1018 680 1093 762 alta,

269 780 430 865 Rumpere
454 781 580 867 mugitu
605 783 748 849 earmina
772 784 867 848 docta
890 783 1005 848 boues!

225 887 328 971 Saepe
351 887 447 952 duces
470 889 607 973 trepidis
630 890 751 973 petiere
776 890 908 955 oracula
931 890 1038 974 rebus,

154 1009 188 1058 25
268 994 368 1060 Uenit
390 998 423 1058 ct
446 1017 465 1058 a
488 996 620 1079 templis
644 996 856 1061 irritaturba
879 995 1025 1082 domum,

225 1099 327 1183 Saepe
350 1100 482 1165 horrere
506 1123 615 1167 saeros
639 1103 741 1168 doluit
763 1102 890 1167 Latona
913 1103 1059 1187 capillos,

270 1207 357 1284 Quos
382 1208 541 1273 admirata
564 1213 613 1274 est
636 1210 707 1293 ipsa
730 1232 871 1275 nouerca
893 1209 992 1293 prius.

224 1314 376 1398 Quisquis
399 1313 647 1400 inornatumque
670 1321 767 1400 caput
790 1317 956 1399 crinesque
981 1317 1106 1381 solutos

268 1420 447 1505 Aspiceret,
469 1421 592 1486 Phoebi
617 1427 784 1507 quaereret
806 1423 861 1487 ille
885 1445 1022 1488 comam.

153 1545 187 1592 30
224 1529 323 1592 Delos
346 1528 403 1593 ubi
425 1550 518 1612 nunc,
542 1527 679 1614 Phoebe,
702 1533 759 1593 tua
781 1533 840 1614 est,
862 1530 918 1594 ubi
941 1528 1102 1613 Delphica
1125 1529 1273 1614 Python?

268 1634 393 1718 Nempe
417 1657 508 1700 amor
530 1636 564 1701 in
586 1658 688 1720 parua
710 1640 743 1700 te
765 1637 855 1701 iubet
879 1658 948 1701 esse
972 1657 1057 1703 casa.

224 1741 349 1807 Felices
373 1742 459 1825 olim,
484 1741 601 1806 Ueneri
625 1764 696 1807 cum
720 1742 822 1807 fertur
849 1746 959 1826 aperte

269 1848 397 1915 Seruire
422 1852 570 1913 aeternos
593 1871 659 1912 non
681 1850 834 1934 puduisse
857 1849 943 1914 deos,

222 1956 347 2021 Fabula
370 1978 455 2020 nunc
478 1955 534 2019 ille
558 1958 623 2020 est:
648 1955 704 2021 sed
727 1957 778 2022 cui
801 1980 860 2022 sua
883 1979 958 2022 cara
980 1957 1090 2041 puella
1113 1961 1174 2041 est,

154 2081 187 2130 35
268 2063 394 2128 Fabula
417 2063 460 2127 sit
483 2063 609 2127 mauult
631 2086 727 2147 quam
752 2063 820 2129 sine
844 2086 954 2129 amore
978 2063 1065 2127 deus.

223 2171 269 2235 At
290 2173 336 2254 tu,
361 2169 505 2254 quisquis
529 2169 557 2232 is
582 2191 625 2252 ee,
648 2170 699 2233 cui
722 2169 810 2235 tristi
833 2170 941 2236 fronte
965 2167 1091 2253 Cupido

267 2276 421 2361 imperat,
443 2276 477 2340 in
500 2279 614 2340 nostra
637 2276 703 2399 siqt
721 2279 777 2340 tua
800 2282 907 2342 eastra
929 2277 1035 2362 domo,
1061 2364 1065 2372 ι

439 2409 456 2447 *
901 2413 918 2451 *

221 2472 339 2537 Ferrea
361 2494 428 2536 non
450 2471 619 2555 Uenerem,
643 2472 699 2537 sed
721 2471 873 2554 praedam
893 2472 1022 2536 saccula
1043 2471 1194 2536 laudant:

266 2577 391 2642 Praeda
413 2581 522 2643 tamen
545 2579 654 2643 multis
679 2583 729 2644 est
753 2579 909 2663 adoperta
931 2579 1036 2644 malis.

151 2702 186 2750 40
223 2684 348 2750 Praeda
370 2684 456 2749 feras
480 2686 565 2750 acies
589 2685 689 2750 cinxit
712 2685 914 2750 discordibus
938 2685 1052 2750 armis:

267 2791 353 2855 Hinc
376 2813 479 2876 cruor,
502 2791 577 2856 hinc
601 2793 711 2858 caedes
735 2815 822 2857 mors
846 2791 1040 2876 propiorque
1064 2791 1163 2855 uenit.

222 2900 348 2964 Praeda
370 2919 457 2983 uago
480 2898 575 2963 iussit
598 2900 761 2984 geminare
783 2899 926 2982 pericula
949 2901 1061 2982 ponto,

265 3005 389 3070 Bellica
412 3027 485 3069 cum
508 3004 614 3069 dubiis
637 3008 744 3071 rostra
767 3005 854 3069 dedit
878 3005 1011 3070 ratibus.

221 3112 400 3177 Praedator
423 3112 512 3195 cupit
534 3113 699 3177 inmensos
723 3112 869 3177 obsidere
893 3133 1034 3196 campos,

151 3235 185 3283 45
267 3217 313 3283 Ut
336 3220 422 3283 culta
445 3218 614 3283 innumera
637 3219 751 3304 iugera
775 3222 887 3302 pascat
911 3241 984 3301 oue,

134 3327 347 3336 .——-—-—-—=

208 3359 276 3413 Vra.
296 3378 369 3411 sacr.
408 3357 698 3413 1933333133.
723 3359 733 3425 ΙΙ
755 3364 789 3411 22
814 3374 877 3426 cum
900 3363 922 3408 V
945 3375 978 3413 3,
1000 3364 1015 3412 2
1035 3374 1115 3412 cora:
1142 3356 1210 3410 dum
1237 3357 1287 3428 ⁰ll

135 3455 169 3502 25
188 3465 203 3501 e
221 3445 335 3517 templis
358 3446 453 3516 aul903
472 3451 543 3515 pato
562 3445 648 3500 Venit
670 3447 701 3502 at
718 3462 734 3500 e
752 3446 849 3516 templ.
868 3447 877 3514 11
896 3453 930 3500 30
955 3430 1069 3516 phyton
1087 3449 1109 3496 (i
1128 3445 1242 3514 (phiton
1262 3451 1286 3497 V

134 3554 169 3591 3.
185 3537 224 3605 2);
243 3535 324 3607 phito
342 3539 392 3587 AV
409 3536 419 3604 11
437 3542 470 3590 33
492 3535 616 3590 Seruiuse
634 3539 658 3585 V
675 3536 685 3604 ΙΙ
703 3540 738 3588 34
755 3534 813 3603 ille,
832 3551 847 3589 e
868 3551 901 3589 ea
919 3551 988 3591 corr.
1008 3535 1049 3602 (11
1066 3549 1132 3587 cara
1151 3533 1286 3589 Galatae:

136 3642 203 3680 cura
222 3625 312 3693 01136
330 3621 355 3678 is
374 3625 417 3678 est
433 3628 457 3676 Δ
469 3626 479 3693 ΙΙ
492 3630 526 3678 37
545 3623 669 3693 Imperat
686 3621 716 3676 in
734 3637 763 3681 5:
782 3624 905 3693 Imperat
917 3617 988 3676 ‘uto
1007 3621 1155 3692 imperitat
1173 3623 1262 3692 aalys
1277 3623 1285 3693 il
1314 3639 1317 3643 ·

136 3719 170 3769 37
190 3718 214 3768 et
232 3718 266 3768 38
285 3713 706 3782 333333933301133-45333.
723 3711 790 3767 Por.
805 3714 815 3782 l
829 3718 862 3767 39
877 3712 1014 3781 adoperta
1028 3716 1049 3762 4}
1064 3710 1147 3764 Por:
1163 3714 1286 3780 operata

136 3805 261 3872 AV1140
281 3800 439 3856 crudelibus
458 3804 480 3852 V
499 3818 532 3855 m.
554 3808 567 3854 1
589 3803 667 3869 (corr.
686 3817 720 3856 m.
741 3807 756 3856 2
776 3802 863 3871 39111
882 3806 914 3854 41
934 3800 1011 3854 furor
1025 3816 1080 3868 pro
1104 3816 1186 3854 cruor
1206 3804 1228 3852 V
1247 3819 1284 3857 m.

138 3901 154 3953 1,
170 3893 174 3960 Ι
190 3889 373 3961 propriorque
388 3893 409 3940 d
428 3889 507 3956 (corr.
523 3891 551 3956 g)
570 3893 593 3940 V
611 3906 740 3956 morsque
759 3889 916 3959 propinqua
935 3889 1003 3943 Par.
1017 3890 1026 3958 ΙΙ
1040 3895 1074 3943 43
1094 3888 1164 3942 Cum
1181 3889 1287 3945 tribuit

136 3982 220 4039 dubie
237 3979 341 4034 bellica
358 3979 450 4032 rostra
467 3977 523 4032 rati
542 3977 610 4032 Par.
627 3977 767 4050 lnauibus
786 3980 865 4047 (corr.
881 3995 915 4033 3.
930 3983 945 4031 2
959 3979 1022 4046 rap.)
1036 3982 1060 4027 V
1074 3980 1084 4047 ΙΙ
1097 3983 1132 4031 44
1152 3978 1284 4034 obsidere

136 4072 260 4126 wara:
287 4066 421 4122 obsistere
440 4070 490 4119 AV
510 4068 519 4136 ss
537 4071 570 4120 45
594 4065 633 4120 Ut
654 4066 702 4133 (Et
719 4070 770 4118 AV
793 4083 830 4121 ar.
851 4068 877 4135 1)
900 4066 990 4121 multa
1012 4065 1159 4120 innumera
1182 4065 1285 4137 iugera

135 4163 235 4232 paseat
259 4174 311 4214 oue
334 4162 353 4210 0
379 4157 463 4225 Pam
486 4157 576 4211 multo
600 4157 654 4224 (ael
676 4154 765 4224 mille)
788 4154 962 4209 innumeram
980 4155 1075 4225 ingere
1093 4173 1121 4224 p.
1142 4171 1225 4211 ouem
1251 4172 1283 4224 53

137 4252 236 4319 carpat
248 4264 304 4317 pro
321 4247 421 4316 pascat
437 4245 645 4312 Loehmauaas3
664 4260 710 4314 eqo
724 4243 822 4312 multa,
841 4244 913 4313 quod
922 4249 987 4313 post
999 4242 1150 4299 immensos
1165 4259 1283 4314 campos

137 4340 210 4395 iacto
228 4335 390 4406 1339333333
408 4339 459 4402 eet,
477 4335 509 4390 ire
528 4334 604 4389 culta
621 4335 730 4388 3331331
