2858 4994
135 208 155 270 6
548 203 694 257 TIBULLI
714 202 782 256 LIB.
802 203 822 255 I.
842 208 868 255 2

154 385 188 434 60
268 368 349 432 Ett
335 372 461 472 teneem
485 366 626 429 moriens
651 364 816 428 deficiente
836 384 941 427 manu.

225 458 336 538 Flebis
356 454 391 538 et
414 496 525 538 arsuro
549 473 692 556 positum
716 494 777 555 me,
800 470 904 553 Delia,
926 470 1021 552 lecto

271 580 433 643 Tristibus
457 583 490 642 et
476 578 649 642 tlacrimis
673 579 782 642 oscula
805 576 906 639 mixta
930 575 1030 638 dabis

226 685 363 778 Flebis:
373 708 438 750 non
462 689 518 748 tua
542 687 617 747 suut
640 684 719 748 duro
742 683 931 767 praecordia
954 681 1050 755 ferro
1107 735 1112 768 3

269 774 398 877 Uincta,
420 814 479 856 nec
502 791 537 854 in
560 793 747 854 tenerosta
747 789 845 853 ttibi
869 788 962 852 corde
987 744 1090 852 sitdiu

156 916 189 965 65
226 898 288 962 Illo
311 886 377 962 non
401 877 526 961 iuuenis
549 901 607 1005 pot
593 896 670 960 terit
693 896 731 960 de
755 897 866 980 funere
890 895 1061 978 quisquam

269 1004 416 1087 Lumina,
438 1025 506 1067 non
529 987 632 1087 uirgo,
656 1003 741 1068 sicca
763 1002 881 1065 referre
905 1002 1045 1066 domum

227 1111 310 1175 Tum
333 1132 444 1173 manes
467 1131 508 1172 ne
531 1110 622 1173 laede
645 1131 748 1192 meos,
772 1108 828 1172 sed
851 1130 948 1195 parce
972 1109 1086 1193 solutis

273 1216 481 1282 Crinibust
448 1219 481 1280 et
503 1216 630 1298 teneris,
653 1215 757 1299 Delia,
780 1236 875 1298 parce
900 1196 1020 1298 genis

228 1325 366 1407 Interea,
390 1324 537 1387 dumt
489 1322 558 1385 futu
539 1322 691 1385 usinunt
691 1322 895 1423 ,iungamus
920 1343 1058 1384 amores:

158 1448 191 1495 ‘10
272 1430 342 1493 Iam
365 1430 510 1517 ueniett
496 1429 637 1493 tenebris
662 1427 752 1492 Mors
775 1410 931 1509 adoperta
955 1430 1061 1511 caput,

227 1537 298 1601 Iam
322 1508 505 1618 subrepet
496 1557 581 1603 mers
606 1537 705 1616 aetas,
727 1555 787 1597 nec
811 1554 920 1597 amare
944 1534 1077 1617 decebit,

273 1643 389 1707 Dicere
411 1663 470 1705 nec
494 1663 574 1706 cano
598 1640 735 1706 blandit'
711 1643 774 1704 tres
799 1639 912 1724 capite.

229 1749 324 1833 Nunc
346 1747 427 1812 leuis
452 1751 539 1812 estt
524 1725 694 1845 tractanda
715 1746 835 1831 UenuS,
859 1747 936 1811 dum
959 1747 1109 1830 frangere
1133 1752 1254 1830 postes

274 1852 350 1920 Noir
372 1831 529 1936 pudet'et
496 1855 636 1918 erixas
661 1853 861 1918 conseruisse
884 1853 985 1918 iuuat.

161 1979 193 2028 76
229 1963 293 2028 Hic
317 1982 377 2048 ego
401 1962 463 2026 dux
488 1961 643 2050 milesque
667 1961 785 2025 bonus:
808 1982 876 2044 uos,
901 1961 995 2045 signa
1017 1961 1193 2046 tubaeque,

274 2068 323 2133 Ite
347 2068 467 2159 procul,
491 2053 613 2152 cupidis
637 2068 774 2133 uulnera
792 2067 874 2131 ferte
896 2067 986 2131 uiris.

230 2173 325 2238 Ferte
350 2170 496 2258 et‘opes:
521 2195 581 2258 ego
606 2175 787 2258 composito
813 2196 943 2238 securus
968 2196 1082 2239 aceruo
1170 2225 1177 2237 .

276 2280 460 2381 Despiciam
485 2281 567 2345 dites
591 2279 827 2364 despiciamque
851 2280 978 2344 famem.

693 2637 739 2708 II.
754 2663 756 2668 ’

233 2776 324 2840 Adde
347 2797 470 2838 merum
493 2775 633 2857 uinoque
656 2797 760 2840 nouos
784 2796 950 2858 compesce
974 2776 1110 2859 dolores,

277 2881 420 2965 Occupet
441 2885 478 2945 ut
499 2881 577 2945 fessi
600 2882 723 2946 luminu
741 2882 828 2946 uicta
852 2904 962 2966 sop0r3
1004 2931 1006 2934 >

234 2989 307 3055 Neu
331 2989 502 3073 quisquam
525 2989 626 3052 multo
650 3009 837 3070 percussum
860 2991 1007 3070 tempora
1030 2986 1157 3053 Baccho

278 3095 418 3180 Excitet,
441 3095 555 3158 infelix
578 3094 655 3158 dum
677 3094 851 3176 requiescit
873 3116 972 3159 amor.

215 3329 288 3394 ij
307 3360 380 3396 nucu.
423 3345 457 3394 66
475 3339 514 3393 ut
531 3343 563 3391 0:
592 3338 631 3392 Te
655 3353 672 3396 ς
698 3338 758 3392 siue
782 3354 867 3393 causa
889 3340 1037 3394 secuudum
1061 3340 1206 3409 Ouidium,
1237 3363 1295 3401 um.

145 3431 184 3484 III
203 3435 228 3497 9,
244 3430 357 3499 681163,
373 3429 481 3483 64060.
502 3427 578 3482 Fris.
592 3428 602 3496 d
617 3433 650 3480 63
669 3426 739 3480 dura
756 3432 787 3496 V,
807 3444 924 3483 corum.
940 3429 1027 3498 21164
1046 3429 1148 3484 Uincta
1166 3434 1195 3497 0,
1211 3431 1294 3488 Fris.

146 3521 179 3585 (V
192 3536 226 3572 m.
242 3520 343 3586 Ampor
357 3518 456 3572 Iuncto
468 3520 519 3567 AV
532 3532 567 3570 m.
579 3521 604 3582 1,
618 3534 636 3581 g
652 3517 656 3585 Ι
671 3532 723 3570 nec
738 3520 770 3570 0:
784 3533 874 3584 neque
884 3517 961 3571 Fris.
975 3519 985 3586 ΙΙ
999 3524 1033 3572 67
1048 3518 1119 3571 Tum
1130 3519 1294 3588 Hauptiuc:

146 3608 189 3661 Tu
197 3611 215 3658 0
223 3604 343 3676 1670-70
351 3605 412 3658 hub.
423 3605 500 3673 Par„
511 3610 544 3658 Vl
555 3603 631 3659 Fris.
642 3603 651 3674 d
661 3609 693 3658 71
705 3607 831 3674 surrepet
840 3609 889 3658 GV
901 3607 968 3660 Pur.
977 3625 994 3658 u
1004 3606 1007 3678 t
1018 3623 1069 3661 nec
1080 3607 1186 3674 cPuu,
1196 3607 1276 3662 Fris.
1287 3633 1294 3664 ε

144 3710 234 3762 neque
257 3698 308 3745 AV
333 3695 337 3762 1
361 3692 459 3747 licebit
482 3708 499 3749 ς
521 3693 531 3762 ΙΙ
554 3699 587 3746 72
611 3692 703 3763 capite
727 3698 745 3745 0
770 3695 852 3749 Parc
881 3695 967 3764 capiti
990 3710 1020 3762 ες
1044 3701 1073 3749 ut
1096 3697 1131 3762 cf.
1155 3697 1167 3748 I
1187 3703 1212 3764 6,
1227 3704 1263 3752 86
1284 3699 1294 3769 Η

145 3790 178 3838 73
202 3797 298 3852 posses
321 3785 344 3832 A
365 3781 376 3850 ll
399 3786 433 3835 74
457 3780 629 3835 conseruisse
652 3797 681 3840 ⁴3:
709 3782 857 3837 inseruisse
881 3787 899 3834 0
927 3784 993 3837 dum
1017 3783 1134 3837 seruisse
1163 3783 1294 3840 Wusseu-

145 3871 294 3942 berytiusu
309 3874 342 3923 76
356 3885 407 3922 uos
426 3869 507 3938 signa
525 3885 609 3939 usque
628 3872 666 3926 ud
678 3872 759 3939 finem
772 3872 870 3926 habeut
886 3872 953 3926 Pur.
968 3874 978 3941 ΙΙ
992 3877 1026 3926 78
1040 3871 1199 3942 Despiciam
1218 3874 1295 3928 dites

146 3966 168 4013 0
187 3961 271 4016 Pau:
289 3957 370 4012 Dites
389 3957 542 4028 despiciam
560 3964 611 4011 AV

217 4066 251 4123 11.
288 4064 388 4134 Elegia
410 4067 531 4120 secunda
553 4084 587 4120 m.
612 4083 663 4121 rec.
687 4067 719 4120 iu
737 4072 759 4119 0
783 4067 815 4120 iu
833 4069 954 4122 duarum
976 4069 1112 4122 tinearum
1134 4068 1293 4124 interstitio.

149 4153 333 4223 Conqueritur
351 4155 427 4224 quod
444 4154 529 4209 ianua
547 4155 584 4209 sit
602 4155 697 4210 clausa
715 4157 744 4209 et
762 4157 798 4210 ad
817 4156 931 4211 ienuam
944 4160 1029 4225 utque
1044 4154 1180 4210 amusium
1194 4157 1293 4212 multis

146 4244 236 4298 utitur
258 4243 410 4298 blanditiis.
439 4244 500 4298 ΒΜ.
525 4247 575 4296 AV
593 4244 603 4313 ΙΙ
621 4250 637 4297 3
656 4262 818 4314 percussum
837 4249 871 4298 0:
890 4244 1032 4314 perfusum
1051 4259 1068 4302 ς
1084 4246 1088 4313 Ι
1104 4244 1194 4299 bacho
1213 4249 1265 4296 AV
1286 4247 1294 4316 2}

149 4338 165 4385 4
185 4349 264 4388 amor
282 4337 432 4387 0:·umens
451 4348 468 4391 ς
