2858 4994
151 197 194 261 84
532 191 908 248 PSEUDOTIBULLIANA.

173 358 196 423 6
240 358 291 423 Ne
313 343 384 422 tibi
400 357 470 441 sim,
492 378 565 421 mea
587 356 653 440 lux,
676 377 776 439 aeque
799 355 866 419 iam
888 353 1013 419 feruida
1031 376 1122 440 aura,

284 464 333 528 Ao
356 464 468 528 uideor
490 485 610 546 paucos
634 461 834 526 antefuisse
857 461 935 545 dies,

240 570 275 636 Si
298 571 469 656 quicquam
492 572 564 633 tota
586 568 734 633 commisi
758 568 859 632 stulta
882 568 1024 653 iuuenta,

285 676 384 743 Cuius
407 698 459 741 me
482 677 588 741 fatear
609 674 809 759 paenituisse
833 675 947 760 magis,

186 801 202 849 5
239 783 401 849 Hesterna
424 806 521 867 quam
544 786 576 846 te
601 781 706 847 solum
730 781 815 866 quod
837 785 931 846 nocte
954 781 1078 866 reliqui,

268 893 443 956 ¹Ardorem
466 891 597 974 cupiens
621 888 824 954 dissimulare
846 911 963 952 meum.

503 1269 545 1339 V.
586 1265 951 1339 EPIGRAMMATA.

178 1509 196 1576 1
243 1512 345 1578 Nulla
367 1515 458 1577 tuum
482 1515 577 1579 nobis
601 1515 757 1578 subducet
778 1513 900 1576 femina
921 1465 1077 1575 lectum:-

287 1619 358 1685 Hoo
381 1621 522 1702 primum
546 1621 658 1685 iuncta
681 1622 730 1684 est
752 1619 880 1683 foedere
902 1622 1015 1683 nostra
1037 1615 1159 1682 Uenus.

242 1728 291 1792 Tu
314 1725 394 1790 mihi
419 1727 488 1790 sola
510 1728 629 1810 places,
651 1747 710 1791 nec
733 1727 799 1790 iam
822 1729 855 1789 te
877 1727 1005 1808 praeter
1028 1725 1064 1788 in
1086 1724 1167 1789 urbe

287 1832 443 1898 Formosa
467 1836 517 1897 est
540 1833 641 1897 oculis
664 1834 730 1898 ulla
752 1833 861 1916 puella
884 1831 974 1895 meis.

190 1954 206 2004 t
243 1939 351 2023 Atque
374 1939 498 2003 utinam
521 1962 634 2024 posses
659 1939 715 2003 uni
738 1937 819 2002 mihi
841 1937 928 2002 bella
950 1937 1067 2002 uideri!

287 2046 469 2130 Displiceas
494 2047 582 2110 aliis:
608 2047 654 2110 sic
673 2067 733 2130 ego
757 2048 848 2108 tutus
872 2066 935 2108 ero.

242 2154 298 2219 Nil
322 2177 402 2238 opus
427 2154 550 2218 inuidia
574 2157 633 2237 est,
655 2152 769 2236 procul
793 2150 879 2215 absit
902 2149 1006 2236 gloria
1029 2148 1140 2234 uulgi:

288 2258 350 2334 Qui
373 2261 468 2342 sapit,
491 2261 525 2323 in
547 2261 648 2324 tacito
673 2257 815 2342 gaudeat
837 2256 891 2320 ille
915 2255 997 2320 sinu.

244 2363 296 2429 Sic
321 2386 380 2448 ego
406 2367 536 2428 secretis
560 2387 693 2448 possum
718 2364 798 2428 bene
822 2364 932 2429 uiuere
956 2362 1056 2446 siluis,

176 2488 207 2535 10
289 2469 360 2544 Qua
383 2472 472 2534 nulla
495 2472 639 2536 humano
663 2472 706 2535 sit
729 2470 783 2534 uia
806 2471 884 2534 trita
907 2468 996 2553 pede.

244 2577 293 2640 Tu
316 2577 396 2640 mihi
420 2599 568 2642 curarum
591 2579 727 2662 requies
751 2580 788 2640 tu
811 2579 907 2640 noete
930 2576 983 2639 uel
1006 2578 1078 2639 atra

287 2681 418 2765 Lumen,
443 2685 532 2748 etin
556 2685 634 2748 solis
658 2688 694 2748 tu
718 2685 798 2748 mihi
820 2682 917 2747 turba
938 2681 1028 2746 locis.

243 2789 336 2854 Nunc
359 2789 436 2853 lieet
458 2812 475 2853 e
499 2791 586 2854 caelo
611 2791 761 2854 mittatur
785 2791 889 2854 amica
912 2788 1051 2874 Tibulle,

287 2893 436 2959 Mittatur
458 2895 588 2980 frustra,
612 2897 800 2981 deficietque
825 2895 944 2961 Uenus.

175 3016 206 3065 15
243 3000 333 3065 Haeo
356 3001 416 3065 tibi
441 3006 553 3066 sanata
575 3007 651 3067 tuae
675 3002 965 3068 Iunonis‘uumina
987 3002 1069 3085 iuro,

289 3105 376 3182 Quae
401 3108 472 3172 sola
495 3112 570 3173 ante
594 3109 676 3174 alios
699 3113 748 3173 est
771 3110 851 3173 mihi
874 3130 993 3193 magna
1017 3108 1102 3173 deos.

245 3212 328 3288 Quid
351 3213 435 3278 facio
460 3214 611 3279 demens?
634 3216 715 3279 eheu
739 3238 811 3279 mea
833 3216 970 3300 pignora
992 3213 1078 3279 sedo.

288 3319 395 3383 Iuraui
420 3321 530 3386 stulte:
553 3321 706 3404 proderat
728 3323 790 3387 iste
814 3323 922 3386 timor.

226 3529 293 3583 Vua.
313 3550 386 3583 Lucu.
424 3531 453 3586 6.
482 3533 609 3586 adltueret
623 3533 717 3600 priori
735 3534 767 3586 in
785 3537 819 3600 ⁰3
843 3535 942 3586 iterum
965 3538 1039 3586 extat
1063 3534 1096 3586 ia
1118 3537 1169 3585 AV
1192 3534 1226 3588 in
1250 3538 1311 3603 fine
1419 3538 1421 3545 '

155 3619 293 3688 Isyqdooii
311 3621 457 3688 eleqiarum
471 3622 480 3689 ΙΙ
496 3628 508 3673 1
529 3621 571 3675 Ne
590 3626 641 3674 AV
656 3624 751 3690 priore
769 3625 838 3677 loco:
863 3622 921 3677 Neo
942 3627 960 3674 0
980 3625 1059 3691 (corr.
1084 3626 1107 3673 V
1129 3640 1164 3678 m.
1184 3624 1212 3691 2)
1230 3625 1234 3690 Ι
1252 3625 1310 3680 sim
1419 3604 1421 3609 Ι

155 3707 203 3774 (sit
222 3711 296 3761 Vm.
316 3710 342 3776 2)
367 3714 391 3762 et
413 3709 470 3763 iam
489 3714 523 3762 0:
548 3709 585 3764 sit
608 3715 632 3764 et
654 3713 714 3763 tam
737 3715 786 3763 AV
806 3712 903 3780 priore
921 3712 978 3764 loeo
997 3712 1007 3779 [l
1025 3716 1041 3762 2
1060 3709 1101 3763 Ao
1121 3714 1179 3763 01¹:
1200 3713 1240 3766 Ut
1261 3729 1280 3772 ς
1301 3715 1308 3787 Ι

155 3797 253 3850 uideor
271 3802 317 3847 GV
336 3802 361 3850 et
378 3801 429 3848 AV
445 3800 538 3865 priore
557 3800 625 3853 loco:
646 3798 743 3853 uidear
761 3804 784 3851 Δ
802 3799 898 3853 uideas
917 3803 939 3849 V
957 3816 991 3851 m.
1012 3803 1026 3850 1
1051 3797 1133 3852 uideo
1151 3802 1175 3849 V
1193 3817 1229 3854 m.
1240 3804 1269 3855 '2

226 3886 251 3938 V
274 3884 544 3940 EPIGRAMMATA
568 3889 673 3942 addidi.
712 3887 872 3956 Alloquitur
899 3888 1023 3955 puellam
1047 3888 1077 3941 et
1098 3889 1238 3943 amasiam
1262 3892 1309 3947 in·
1416 3924 1419 3929 ·

155 3973 329 4027 nominatam
356 3977 407 4024 AV
431 3973 473 4025 Ad
497 3975 615 4028 amicam
636 3982 658 4027 G
684 3994 718 4030 m.
737 3993 787 4031 rec.
812 3978 863 4030 litt.
887 3977 999 4032 enoiosa
1024 3977 1033 4045 ΙΙ
1056 3982 1072 4029 3
1092 3975 1161 4029 mihi
1184 3981 1208 4028 V
1230 3996 1267 4034 m.
1290 3988 1308 4035 2

155 4078 206 4135 laq.
228 4062 336 4115 Fiant:
355 4063 438 4116 modo
458 4065 529 4131 0115
549 4064 639 4131 possis
659 4064 804 4134 ς1181116
824 4080 840 4122 ς
861 4065 969 4118 Plana:
989 4065 1048 4133 ipse
1069 4065 1140 4133 ⁰l9
1159 4068 1267 4134 possim
1289 4086 1308 4129 ς

154 4150 164 4222 Η
184 4150 294 4223 15qu
314 4150 382 4218 (Heu
406 4153 438 4218 V)
463 4150 516 4204 tibi
539 4154 599 4204 GV:
627 4152 687 4206 Hoo
711 4152 764 4206 tibi
786 4156 809 4203 Δ
831 4152 907 4228 quo
934 4169 984 4221 per
1013 4153 1107 4206 Plani.
1131 4154 1140 4222 ΙΙ
1169 4160 1202 4209 16
1231 4157 1309 4213 mihi
1357 4156 1361 4165 '

156 4239 291 4306 Souliqer:
314 4238 368 4291 tibi
388 4243 406 4290 0
428 4240 522 4294 Plani.
541 4241 550 4309 ΙΙ
571 4247 602 4293 17
626 4240 697 4293 eheu
720 4242 792 4294 edd:
815 4240 871 4294 heu
883 4224 949 4294 'heu
969 4244 1014 4291 οἳ
1032 4239 1087 4292 heu
1106 4240 1151 4293 cui
1170 4244 1209 4310 gl
1231 4246 1307 4303 cedo

155 4333 188 4380 1³:
208 4327 290 4381 oredo
310 4332 328 4379 0
343 4329 353 4397 ΙΙ
369 4333 399 4381 18
419 4329 550 4396 prosum
567 4335 600 4382 F:
620 4329 770 4396 prodeato
