2858 4994
405 261 684 317 EPIGRAMMATA.
721 259 888 315 PRIAPEA.
1170 261 1212 324 85

153 425 252 491 Nunc
273 428 311 490 bu
333 423 428 489 sorbis
452 425 525 507 eris,
548 445 634 489 nunc
657 427 694 488 bu
718 447 770 488 me
794 423 946 488 audacius
969 445 1058 489 ures:

72 548 114 596 20
201 530 274 597 Hoc
296 531 423 615 peperib
445 532 562 596 misero
586 531 718 616 garrula
740 531 852 614 lingua
874 531 1005 595 malum.

155 637 229 703 Iam
251 637 370 703 faciam
394 637 620 722 quodcumque
640 638 739 721 uoles,
762 641 837 701 tuus
861 658 962 722 usque
984 638 1131 722 manebo,

200 743 269 810 Nec
291 744 418 828 fugiam
441 748 537 809 notae
560 745 729 809 seruilium
753 743 912 828 dominae,

154 848 219 919 Sed
241 849 377 916 Ueneris
402 855 533 916 sanctae
556 851 722 916 considam
745 851 874 914 uinctus
899 850 940 914 ad
963 873 1046 915 ares.

202 955 292 1022 Haec
313 961 406 1022 notai
429 957 567 1022 iniustos
592 957 854 1042 supplicibusque
877 957 975 1023 faucb.

75 1205 103 1271 2
156 1206 282 1272 Rumor
305 1208 352 1272 aib
375 1207 488 1273 crebro
511 1210 660 1271 nostram
683 1229 816 1291 peccare
839 1208 993 1291 puellam:

200 1313 296 1380 Nunc
315 1336 375 1400 ego
400 1337 451 1378 me
475 1315 582 1379 surdis
606 1313 738 1379 auribus
764 1337 834 1380 esse
857 1315 965 1380 uelim.

156 1418 302 1486 Crimina
324 1444 390 1487 non
413 1422 492 1486 hacc
516 1424 592 1485 sunl
615 1424 727 1485 nosbro
751 1422 821 1486 sine
843 1420 931 1487 facta
956 1420 1080 1489 dolore:

201 1527 284 1604 Quid
304 1529 458 1594 miserum
480 1531 623 1613 torques,
645 1550 756 1593 rumor
779 1527 914 1593 acerbe?
937 1532 1019 1594 tace.

482 1888 542 1960 Vl.
585 1888 804 1961 PRIAPEA.

80 2096 106 2163 1
162 2097 299 2163 Uillicus
324 2097 428 2161 aerari
451 2097 622 2183 quondam,
644 2121 731 2162 nunc
754 2098 860 2162 cultor
883 2099 989 2183 agelli,

201 2203 290 2270 Haec
313 2205 375 2268 tibi
398 2203 591 2288 Perspectus
614 2207 746 2289 templa,
768 2205 896 2288 Priape,
919 2204 1001 2269 dico.

158 2311 221 2376 Pro
246 2313 362 2396 quibus
387 2312 512 2397 officiis„
536 2313 635 2378 sifus
660 2315 722 2397 est,
745 2317 864 2397 sancte,
887 2313 1041 2396 paciscor,

206 2419 366 2484 Assiduus
390 2423 498 2484 custos
522 2420 606 2484 ruris
630 2425 667 2485 ub
691 2442 761 2485 esse
784 2421 873 2505 uelis,

102 2543 119 2592 5
157 2526 328 2610 Improbus
351 2529 388 2589 ub
411 2527 511 2610 siquis
536 2529 686 2590 nostrum
708 2527 847 2590 uiolauit*
863 2528 1015 2612 agellum,

203 2633 299 2698 Hunc
321 2636 358 2696 bu
381 2671 423 2679 -
448 2633 504 2697 sed
520 2637 631 2723 laceo:
657 2633 729 2716 seis,
752 2636 841 2719 puto,
865 2634 950 2717 quod
974 2636 1129 2719 sequitur.

82 2880 107 2946 ⁶2
155 2881 239 2958 Quid
261 2883 324 2948 hoc
346 2884 423 2948 noui
448 2885 519 2948 esi?
543 2884 621 2969 quid
644 2884 693 2947 ira
715 2884 846 2949 nuntiat
869 2883 985 2947 deum?

106 3068 110 3074 ’
140 3075 207 3132 Vns.
236 3096 310 3130 nucu.
348 3082 380 3130 21
401 3075 488 3130 facias
502 3076 535 3130 L.
553 3076 705 3129 Muellerus
719 3078 728 3145 ΙΙ
743 3082 775 3129 22
794 3078 862 3130 nobo
877 3080 900 3126 V
917 3093 951 3130 m.
968 3077 1053 3145 11123
1070 3075 1213 3130 considam

64 3170 91 3217 G
109 3182 144 3218 m.
166 3173 191 3234 1,
210 3165 320 3220 Ploub:
345 3165 483 3220 confidam
501 3169 552 3217 AV
571 3169 595 3219 cl
614 3169 635 3216 θ
653 3164 677 3234 (f
693 3181 726 3218 cu
745 3164 824 3232 corr.)
842 3166 846 3232 l
862 3163 973 3219 iunctus
991 3167 1036 3234 Vll
1051 3170 1085 3218 24
1103 3164 1180 3220 Haec
1195 3171 1217 3216 G

64 3254 164 3311 Plaul.
183 3255 219 3324 (el
236 3258 259 3305 V
277 3271 312 3309 m.
333 3256 374 3324 2):
394 3254 454 3308 Nec
472 3257 523 3305 AV
540 3271 574 3308 ui.
594 3259 607 3306 1

139 3342 168 3398 ἲ.
207 3342 382 3397 Tetrasticon
401 3342 436 3397 de
454 3342 570 3397 infamia
589 3359 636 3396 sue
660 3342 762 3412 puelle.
786 3342 845 3398 Rea.
869 3346 920 3394 AV
952 3342 993 3396 De
1011 3341 1130 3396 infamia
1149 3359 1216 3397 suae

62 3430 183 3485 Puellae
202 3437 223 3482 G
241 3450 275 3486 m.
294 3449 344 3486 rec.
365 3432 375 3501 b
393 3438 409 3485 3
428 3431 504 3486 facta
523 3436 556 3484 0:
575 3431 641 3484 fiola
661 3430 757 3484 Pluut.
776 3430 852 3484 iacta
871 3432 944 3485 Itali
956 3432 967 3500 ΙΙ
979 3431 1012 3485 iu
1028 3432 1078 3486 boc
1096 3433 1217 3486 carmine

64 3522 168 3576 desiuit
186 3528 215 3591 G,
234 3525 283 3590 qui
299 3522 447 3576 subscribit
464 3520 560 3574 FINIS
579 3520 654 3573 rubr.

138 3611 185 3665 VI.
223 3610 343 3680 Priapes
367 3611 473 3686 addidi.
498 3611 563 3663 boec
587 3610 641 3662 duo
661 3610 886 3676 conuiuabatur
907 3608 1031 3677 Pelopea
1050 3615 1092 3675 82,
1107 3613 1152 3678 83)
1172 3611 1214 3664 dc-

64 3705 133 3754 suui
150 3702 182 3754 iu
201 3705 233 3766 ος
258 3702 328 3754 iul*
351 3702 424 3753 iuter
448 3698 611 3753 Tibulliuuu
634 3698 765 3751 eutabuul
783 3702 846 3750 teste
864 3696 1003 3766 Scalipcrc
1022 3698 1054 3751 iu
1073 3697 1214 3752 ‘conculea-

65 3788 140 3842 torio
159 3790 190 3842 iu
210 3788 371 3857 Priapeiu’;
395 3789 468 3842 uude
485 3787 563 3841 illiue
582 3787 714 3852 lectiones,
734 3787 825 3854 quood
842 3787 903 3839 crui
921 3790 1081 3853 potueruut,
1108 3787 1152 3840 bic
1170 3802 1214 3840 ec·

66 3882 160 3944 carpto
178 3883 250 3931 sunl.
284 3881 395 3944 praeter
412 3881 433 3927 F
452 3876 536 3929 eidem
555 3875 649 3941 adfuit
672 3875 768 3929 scbedu
789 3873 943 3928 Pilboeuuo
963 3873 1077 3928 ‘mediae
1095 3878 1214 3927 uetusto·
1295 3892 1298 3898 ·

66 3965 124 4033 uc,
144 3983 162 4019 u
180 3966 259 4019 uobis
279 3965 377 4021 ‘Petu’
394 3967 462 4034 siplo
480 3969 584 4020 uoluta.

142 4053 168 4106 1.
206 4054 395 4122 2Respeotus
414 4054 560 4108 Reiueciue

140 4141 168 4195 2.
206 4143 267 4196 Hoc
294 4144 326 4196 iu
353 4144 474 4195 curmiuc
500 4143 588 4196 codici
615 4142 754 4210 Poplimo
782 4142 891 4196 obstant
914 4141 979 4195 libri
1001 4141 1215 4210 ncuxenenus),

67 4231 272 4299 minucianus),
295 4233 490 4300 monacensis)
517 4248 550 4284 eu
573 4247 629 4284 uuo
652 4231 726 4296 foute
749 4246 829 4297 eoque
856 4229 1041 4296 multifariam
1063 4229 1215 4297 depraualo

65 4319 191 4386 profecti.
212 4336 272 4373 cum
290 4322 333 4374 bis
350 4321 460 4387 sociuut
479 4320 546 4373 libri
564 4320 670 4373 uouicii
687 4335 756 4372 suec.
771 4317 831 4384 XV,
845 4334 961 4386 quorum
974 4318 1123 4384 speciiiiiuo
1135 4318 1216 4374 babes

68 4411 100 4462 iu
128 4409 237 4479 Meyeri
254 4408 339 4463 Actu.
359 4407 423 4463 Lat.
443 4412 512 4461 1696
526 4409 536 4476 ΙΙ
551 4412 564 4459 1
585 4408 628 4460 esi
646 4406 720 4475 quod
733 4410 761 4459 1
776 4409 780 4474 Ι
796 4404 912 4460 nunciat
929 4406 984 4460 duo
1001 4421 1036 4459 eu
1052 4410 1080 4459 Ι
