2858 4994
409 1171 894 1258 PROLEGOMENA.

170 1453 305 1520 Carolus
337 1454 577 1539 Lachmannus,
610 1477 683 1520 cum
716 1479 800 1521 anno
832 1457 916 1522 1829
948 1456 1071 1540 primus
1102 1455 1224 1520 Tibulli

80 1560 255 1625 editionem
279 1563 442 1627 emitteret
463 1562 550 1627 iusto
578 1565 740 1646 apparatu
767 1563 879 1627 critico
902 1563 1109 1641 instructam,
1138 1562 1224 1627 codi-

79 1666 170 1730 cibus
194 1689 261 1731 non
283 1688 361 1731 usus
385 1670 435 1731 est
456 1668 521 1732 nisi
542 1667 774 1733 recentissimis
799 1668 908 1753 eisque
932 1667 1102 1733 doctorum
1123 1667 1223 1733 Italo-

78 1795 152 1836 rum
177 1795 292 1839 manus
315 1775 573 1859 interpolatrices
596 1776 746 1859 expertis.
786 1797 864 1840 nam
887 1775 986 1839 codex
1008 1774 1223 1839 Eboracensis

80 1879 120 1943 ab
140 1878 276 1944 Heinsio
300 1881 437 1946 collatus
461 1878 521 1967 (A)
546 1904 573 1947 a.
596 1882 694 1967 1425,
717 1882 800 1946 liber
822 1885 931 1946 autem
948 1881 1116 1946 Parisinus
1137 1881 1222 1946 7989

80 1982 142 2070 (B)
166 2008 194 2049 a.
220 1986 319 2071 1423,
350 1987 487 2072 denique
514 1991 580 2052 tres
608 1988 751 2073 reliquae
779 1991 886 2052 cartae
910 1985 968 2074 (0)
995 1987 1098 2052 multo
1125 1987 1224 2052 etiam

79 2094 155 2174 post
178 2092 317 2174 scriptae
342 2097 425 2159 sunt.
454 2093 516 2158 hae
534 2095 636 2179 igitur
659 2097 864 2160 membranae
884 2116 995 2159 omnes
1020 2114 1057 2157 eo
1077 2096 1223 2176 tempore

80 2200 156 2260 sunt
180 2202 344 2284 exaratae,
374 2221 437 2283 quo
461 2200 585 2264 scribae
607 2200 685 2265 Itali
708 2199 838 2264 iamiam
861 2199 984 2283 pudore
1008 2199 1134 2264 abiecto
1156 2220 1224 2263 non

79 2307 148 2368 tam
172 2305 205 2368 iu
228 2309 375 2369 ueterum
393 2306 586 2388 scriptorum
608 2306 717 2371 uerbis
737 2306 882 2391 quamuis
907 2306 1067 2390 corruptis
1085 2304 1224 2368 fideliter

79 2411 248 2477 reddendis
273 2434 369 2496 quam
392 2411 427 2474 in
450 2412 657 2477 emendandis
684 2413 804 2477 eisdem
827 2411 1068 2497 purgandisque
1092 2432 1224 2494 operam

80 2518 283 2602 studiumque
320 2518 494 2600 ponebant.
545 2521 582 2582 ut
618 2520 712 2584 unico
751 2519 897 2603 exemplo
939 2519 1086 2584 codicum
1122 2516 1223 2582 Lach-

80 2625 327 2690 mannianorum
350 2625 547 2710 prauitatem
569 2625 632 2690 tibi
657 2626 801 2709 aperiam
824 2630 944 2691 totam:
980 2626 1088 2690 nullus
1112 2647 1224 2689 eorum

79 2733 212 2796 lacunas
237 2753 291 2795 eas
315 2752 396 2815 quae
420 2731 454 2794 in
477 2732 639 2796 communi
664 2732 840 2816 archetypo
863 2736 939 2815 post
959 2730 976 2795 Ι
1001 2732 1029 2810 2,
1053 2730 1110 2814 253
1136 2730 1169 2793 ΙΙ
1193 2731 1223 2813 3,

84 2838 137 2923 153
159 2835 192 2900 ΙΙ
212 2837 241 2914 3,
262 2838 317 2920 Ἰ7;
341 2836 391 2901 Ill
408 2838 439 2921 4,
458 2838 501 2902 64
523 2842 615 2902 erant
633 2839 774 2903 intactas
792 2839 937 2922 reliquit,
959 2838 1015 2902 sed
1034 2837 1116 2902 alius
1136 2836 1223 2901 aliud

79 2945 113 3008 in
131 2947 224 3007 textu
247 2941 377 3008 exhibet
400 2944 660 3027 supplementum
677 2944 840 3008 ficticium.
870 2943 991 3008 talibus
1010 2944 1104 3008 libris
1127 2964 1224 3027 quae·

79 3074 155 3114 nam
185 3049 264 3114 fides
295 3051 336 3114 ad
366 3052 558 3134 scripturam
589 3049 768 3133 antiquitus
795 3048 950 3113 tradit-am
980 3048 1224 3131 reciperandam

79 3158 184 3241 possit
206 3156 334 3241 haberi,
357 3158 444 3222 ultro
468 3159 610 3240 apparet.
646 3177 750 3240 neque
772 3159 849 3238 post
871 3153 1114 3247 Lachmannum
1137 3154 1223 3218 codi-

80 3264 170 3328 cibus
200 3263 433 3328 uetustioribus
463 3267 496 3327 et
525 3263 566 3327 ab
596 3262 856 3346 interpolationis
887 3260 1081 3346 contagione
1111 3261 1222 3327 liberis

79 3370 271 3454 indagandis
302 3370 365 3434 uiri
393 3369 479 3434 docti
508 3368 697 3453 studebant,
728 3368 791 3433 nisi
820 3368 905 3452 quod
933 3369 979 3432 eis
1008 3389 1089 3453 quae
1116 3368 1222 3434 medio

80 3499 159 3541 aeuo
184 3499 222 3540 ex
240 3477 400 3560 poematis
419 3475 615 3541 Tibullianis
633 3474 722 3539 facta
740 3480 817 3540 sunt
834 3475 992 3559 excerptis
1011 3475 1224 3540 aduertebant

80 3585 231 3648 animum.
872 3667 875 3673 Ι

170 3689 258 3766 Quae
282 3711 355 3754 cum
377 3690 424 3753 ita
448 3711 481 3754 se
504 3689 673 3773 haberent,
700 3712 808 3754 meum
831 3711 902 3754 esse
925 3688 1131 3768 existumaui,
1153 3688 1223 3753 ubi·

80 3819 215 3881 cumque
233 3794 450 3861 bibliothecas
469 3795 686 3879 perscrutanti
704 3796 805 3880 licuit,
822 3818 908 3860 noua
927 3795 1073 3860 subsidia
1092 3795 1223 3861 circum-

82 3906 205 3988 spicere
229 3902 412 3967 examinare
435 3923 631 3985 comparare.
676 3923 778 3986 neque
802 3901 905 3966 defuit
927 3923 1102 3966 successus.
1146 3923 1224 3965 nam

81 4011 193 4075 multis
222 4008 316 4074 libris
348 4007 470 4072 frustra
502 4008 642 4072 euolutis
675 4006 802 4091 citoque
835 4007 969 4072 abiectis
999 4007 1130 4072 tandem
1159 4007 1222 4072 duo

81 4117 207 4183 codices
230 4116 326 4200 plane
349 4114 497 4200 egregios
521 4136 593 4178 sum
616 4118 767 4194 nanctus,
791 4114 923 4177 tertium
947 4116 1054 4178 autem
1078 4111 1134 4199 (V)
1159 4113 1222 4179 Gu-

82 4223 166 4288 staui
188 4221 303 4286 Loewe
327 4220 486 4285 amicitiae
509 4219 619 4303 debeo,
642 4219 697 4303 qui
719 4222 837 4303 rogatu
859 4240 931 4283 meo
953 4218 1017 4285 hoc
1039 4220 1075 4283 in
1097 4241 1131 4284 sc
1154 4242 1223 4285 sus-

82 4329 166 4412 cepit
188 4331 225 4391 ut
247 4326 349 4392 libros
372 4326 576 4391 Tibullianos
602 4327 637 4390 in
662 4325 867 4392 bibliothecis
889 4324 1046 4392 Romanis
1071 4327 1223 4392 maxime-
