2858 4994
150 175 191 239 16
565 181 711 234 TIBULLI
730 181 798 235 LIB.
818 181 837 237 I.
858 187 883 234 5

240 335 274 400 si
297 337 387 402 uolet
410 361 510 422 arma,
532 339 598 405 leui
621 342 797 424 temptabis
820 340 930 406 ludere
952 341 1085 405 dextra:

283 441 386 525 Saepe
410 443 501 509 dabis
525 447 660 530 nudum,
683 447 794 511 nincat
817 450 853 511 ut
875 447 938 530 ille,
961 448 1059 512 latus.

236 548 327 612 Tunc
351 550 410 614 tibi
435 553 523 616 mitis
547 554 618 636 erit,
641 554 750 636 rapias
773 556 850 616 tunc
874 576 949 617 cara
969 554 1087 619 licebit

281 655 413 720 Oscula:
436 659 604 742 pugnabit,
629 659 683 723 sed
706 658 768 723 tibi
791 663 887 742 rapta
910 659 1009 724 dabit.

166 777 199 824 55
236 760 345 845 Rapta
368 763 458 827 dabit
481 765 595 847 primo,
618 787 693 830 mox
717 766 831 831 offeret
852 765 923 848 ipse
947 769 1090 850 roganti,

164 883 197 932 sc
279 867 359 934 Post
382 869 479 934 etiam
504 871 587 936 collo
612 894 645 935 se
668 873 868 955 implicuisse
892 873 990 938 uolet.
1100 863 1102 867 ’

163 990 195 1036 21
234 972 303 1038 Nec
326 976 432 1039 iurare
454 977 546 1041 time:
570 977 705 1042 Ueneris
729 979 872 1061 periuria
894 979 985 1042 uenti

227 1068 229 1073 ¹
279 1081 377 1146 Irrita
399 1105 457 1165 per
479 1087 583 1147 terras
607 1088 640 1148 et
661 1084 746 1148 freta
769 1107 896 1148 summa
917 1085 1035 1148 ferunt.

236 1184 352 1250 Gratia
374 1209 494 1273 magna
512 1190 597 1255 Ioui:
621 1192 726 1255 uetuit
748 1195 841 1274 pater
859 1192 928 1274 ipse
950 1190 1071 1274 ualere,

277 1294 421 1358 Iurasset
444 1296 557 1379 cupide
582 1296 733 1380 quicquid
755 1297 882 1377 ineptus
907 1319 1011 1361 amor:

163 1415 198 1462 55
235 1399 359 1484 Perque
384 1424 458 1466 suas
482 1404 613 1486 impune
638 1403 717 1467 sinit
739 1401 904 1486 Dictynna
928 1403 1065 1487 sagittas

162 1521 196 1570 26
277 1506 441 1593 Affirmes,
464 1510 568 1573 crines
591 1531 711 1593 perque
730 1509 878 1574 Minerua
901 1532 985 1574 suos.

164 1629 195 1676 71
235 1613 407 1679 Blanditiis
431 1617 502 1680 uult
526 1639 594 1680 esse
617 1617 725 1681 locum
748 1615 858 1680 Uenus
882 1617 968 1699 ipsa:
992 1617 1151 1700 querellis

276 1718 491 1805 Supplicibus,
514 1722 640 1787 miseris
664 1722 793 1787 fletibus
817 1722 876 1786 illa
898 1721 1008 1787 fauet?

233 1825 323 1890 Haec
346 1829 435 1912 mihi,
461 1851 541 1913 quae
565 1850 713 1893 canerem
737 1828 832 1912 Titio,
856 1829 933 1893 deus
957 1829 1058 1894 edidit
1082 1853 1155 1896 ore:

277 1930 339 1996 Sed
363 1934 488 1999 Titium
511 1937 649 1999 coniunx
672 1936 751 1999 haee
774 1935 959 1999 meminisse
982 1939 1079 2000 uetat.

161 2052 194 2100 75
231 2037 427 2105 Pareatille
452 2064 541 2107 suae:
565 2066 623 2107 uos
647 2064 698 2105 me
722 2041 882 2105 celebrate
905 2041 1109 2128 magistrum,

162 2161 195 2207 76
278 2145 365 2221 Quos
389 2150 474 2214 male
498 2149 598 2213 habet
620 2149 723 2212 multa
746 2147 881 2211 callidus
905 2152 975 2212 arte
998 2171 1086 2232 puer.

161 2265 193 2314 57
231 2251 317 2316 Heu!
341 2254 424 2318 male
448 2276 533 2318 nunc
557 2258 643 2318 artes
667 2255 803 2317 miseras
826 2254 906 2318 haec
931 2256 1060 2318 saecula
1083 2259 1250 2326 tractant:

275 2359 344 2422 lam
367 2363 459 2423 tener
483 2360 626 2425 assueuit
648 2382 782 2424 munera
805 2361 887 2425 uelle
910 2383 998 2444 puer.

232 2462 278 2526 At
300 2468 367 2549 tua,
390 2465 445 2548 qui
466 2464 627 2530 Uenerem
650 2466 787 2530 docuisti
810 2466 949 2530 uendere
972 2468 1104 2551 primus,

160 2585 194 2632 50
277 2569 430 2655 Quisquis
454 2593 496 2656 es,
519 2573 633 2636 infelix
655 2575 772 2656 urgeat
795 2594 871 2637 ossa
892 2573 986 2654 lapis.

230 2676 386 2761 Pieridas,
409 2679 508 2762 pueri,
532 2678 645 2742 doctos
670 2681 703 2741 et
725 2682 831 2742 amate
855 2682 979 2762 poetas,

274 2786 383 2848 Aurea
405 2807 464 2849 nec
488 2789 645 2868 superent¹
662 2807 795 2848 munera
814 2783 966 2849 Pieridas.

230 2889 380 2955 Carmine
403 2914 566 2975 purpurea
589 2896 639 2957 est
661 2891 734 2957 Nisi
758 2913 863 2955 coma:
888 2893 1031 2956 carmina
1053 2893 1088 2956 ni
1111 2895 1191 2980 sint,

273 2998 324 3062 Ex
347 3000 481 3065 humero
505 3001 635 3084 Pelopis
659 3022 726 3064 non
748 3000 901 3064 nituisset
924 3001 1011 3064 ebur.

158 3120 191 3168 65
230 3103 333 3180 Quem
356 3106 498 3169 referent
520 3105 643 3189 Musae,
665 3107 764 3190 uiuet,
787 3105 863 3169 dum
886 3106 1005 3170 robora
1027 3106 1134 3191 tellus,

272 3209 357 3275 Dum
382 3212 505 3276 caelum
529 3214 650 3295 stellas,
674 3211 749 3275 dum
772 3211 870 3275 nehet
894 3212 998 3276 amnis
1022 3235 1130 3295 aquas.

228 3317 274 3379 At
297 3318 443 3402 quinon
467 3318 557 3382 audit
579 3319 700 3403 Musas,
724 3319 779 3404 qui
802 3317 913 3382 uendit
937 3341 1089 3403 amorem,

141 3434 353 3444 ———

210 3474 277 3530 Vsa.
306 3496 380 3530 sacr.
426 3482 459 3530 51
487 3477 581 3548 tempi
607 3481 641 3535 A:
673 3476 741 3530 tent.
761 3479 810 3527 GV
832 3477 841 3544 11
864 3481 897 3528 53
926 3475 1085 3545 5515517779.
1113 3495 1147 3531 m.
1177 3486 1194 3533 2
1223 3482 1293 3554 tibi)

137 3568 194 3632 01
222 3566 289 3619 tunc
318 3572 351 3620 G:
385 3584 448 3621 cum
476 3571 498 3618 Δ
523 3568 584 3620 tum
612 3570 635 3617 V
664 3567 711 3633 (at.
744 3565 804 3618 tam
835 3582 869 3618 m.
903 3571 918 3618 2
951 3569 1101 3636 suprascr.)
1128 3569 1137 3636 11
1164 3574 1201 3622 54
1234 3572 1293 3626 tibi

137 3655 220 3722 rapta
251 3656 367 3723 scripsi:
403 3656 499 3709 tamen
531 3656 598 3724 apta
631 3659 650 3705 0
683 3655 757 3724 (acta
791 3654 860 3722 apta
891 3656 937 3723 V),
970 3671 1022 3722 pac
1054 3660 1163 3708 seruato
1196 3674 1225 3712 u.
1254 3666 1291 3713 55

136 3742 212 3811 Apta
247 3742 455 3812 Lachmaaacs,
495 3761 556 3797 cam
590 3749 680 3797 tamea
715 3744 782 3811 apta
816 3742 912 3796 oscula
944 3743 997 3796 huc
1030 3745 1152 3798 madum
1187 3761 1289 3801 coauc-

137 3832 233 3898 aiaat3
261 3831 335 3886 male
364 3833 446 3901 rapta
472 3831 710 3900 8550555051155
734 3848 799 3884 mox
828 3835 859 3883 0:
885 3832 950 3900 post
968 3847 984 3888 ς
1002 3834 1006 3901 Ι
1027 3832 1125 3887 offeret
1149 3833 1289 3890 Paccius:

137 3918 234 3974 afferet
264 3925 282 3971 0
310 3921 341 3974 55
366 3919 439 3975 feret
465 3921 661 3975 Lacbmccaus
687 3921 697 3988 11
723 3926 757 3972 56
783 3918 854 3973 uelit
880 3923 902 3970 Δ
929 3920 938 3987 11
965 3925 999 3973 22
1028 3920 1100 3975 freta
1128 3926 1191 3975 AV:
1221 3923 1289 3979 loca

138 4008 179 4077 01
196 4025 306 4062 summa
326 4014 357 4063 0:
376 4009 463 4079 longa
481 4025 497 4066 ς
516 4004 653 4077 (summa
670 4003 762 4062 “freta
779 4008 883 4076 011125
902 4006 1028 4062 dictinna
1047 4011 1089 4077 011
1109 4016 1140 4062 71
1160 4012 1287 4077 querelis

138 4099 179 4166 011
195 4103 227 4150 72
246 4096 377 4151 flentibus
396 4101 429 4166 0,
448 4113 517 4152 corr.
537 4097 645 4152 Statius
657 4099 667 4166 11
681 4102 714 4150 73
733 4095 798 4150 titio
817 4100 850 4149 G:
874 4094 942 4149 ticio
966 4100 1016 4147 AV
1033 4096 1043 4164 11
1062 4103 1096 4149 74
1113 4096 1213 4150 ticium
1232 4104 1287 4152 AV

139 4183 142 4254 1
155 4185 285 4239 coniuxG
299 4189 308 4256 11
323 4193 356 4240 59
367 4188 405 4241 Α5
413 4189 463 4241 tua
471 4188 516 4242 ael
529 4189 589 4242 Iam
601 4188 652 4240 tua
666 4202 695 4243 s:
710 4187 769 4239 Iam
779 4187 811 4239 tu
825 4190 843 4236 0
855 4186 892 4238 Α5
900 4185 954 4238 tibi
965 4185 1086 4239 Paccius
1098 4188 1108 4255 11
1122 4192 1164 4256 61,
1176 4193 1209 4241 62
1220 4189 1285 4244 Pie-

135 4287 211 4343 rides
230 4296 251 4342 0
271 4295 275 4360 1
295 4275 349 4374 ηοξ
365 4298 388 4345 Δ
404 4295 414 4362 11
432 4301 465 4347 03
485 4295 527 4348 est
546 4310 606 4362 sup.
626 4294 675 4348 lin.
694 4293 758 4347 cdd.
778 4295 800 4342 Δ
817 4292 827 4358 11
848 4296 883 4344 64
900 4306 956 4344 non
973 4291 1244 4361 maiesataam.
1265 4316 1285 4363 g
