2858 4994
568 268 854 326 PROLEGOMENA.
1207 267 1283 322 XXV

136 435 283 497 earmina
315 434 390 498 libri
420 434 507 498 tertii
537 433 834 517 pseudotibulliana
864 431 1101 516 pertinentibus
1131 430 1284 516 quoniam

135 541 204 604 iam
236 541 270 604 in
303 540 414 604 libello
447 562 475 605 a.
510 542 594 606 1876
628 539 724 604 lenae
757 541 889 622 emisso,
927 540 977 604 eui
1010 539 1202 625 inscriptum
1235 540 1286 601 est

137 646 354 712 ‘Tibullische
384 646 537 730 Bl'attcr’,
574 647 654 711 satis
687 668 845 734 superque
878 647 942 731 egi,
979 645 1138 728 reliquum
1169 650 1219 709 est
1249 649 1285 708 ut

136 777 243 836 pauca
275 753 391 817 addam
422 754 460 816 de
491 753 552 818 hac
582 754 731 819 editione.
781 753 972 837 primarium
1003 756 1111 816 autem
1142 751 1285 815 officium

138 882 248 923 meum
271 860 359 943 duxi,
393 860 431 923 de
456 861 611 925 librorum
634 859 953 925 correctionibus
978 860 1063 923 clare
1091 862 1124 922 et
1147 859 1285 923 dilucide

137 967 272 1045 referre,
304 967 351 1030 ita
375 971 486 1031 tamen
513 971 550 1031 ut
577 967 688 1032 sordes
718 967 841 1050 aliquot
864 966 1055 1050 scripturae,
1088 986 1127 1028 ex
1150 987 1285 1050 quarum

137 1074 260 1136 notitia
295 1073 405 1137 nullus
438 1073 615 1156 percipitur
649 1073 787 1157 fructus,
825 1073 953 1137 silentio
985 1072 1286 1154 praetermitterem.

139 1202 253 1243 omnes
277 1179 362 1243 enim
392 1179 516 1243 codices
539 1179 587 1244 illi
614 1202 690 1244 suae
715 1180 833 1245 aetatis
861 1180 894 1244 in
919 1179 1095 1244 scribendis
1119 1177 1286 1242 uocabulis

137 1286 404 1350 consuetudinem
423 1287 526 1350 secuti
544 1289 631 1370 sunt3
654 1286 738 1350 unde
757 1286 858 1350 habes
876 1287 911 1350 in
928 1285 987 1350 AV
1000 1285 1158 1370 hybernus,
1175 1282 1287 1369 anae,

137 1413 313 1477 summaria,
332 1399 417 1458 ortus
436 1389 654 1477 (proterius),
672 1394 814 1477 diuicius,
832 1394 949 1458 aicium
964 1393 1043 1477 sim,
1062 1392 1168 1470 ambil,
1185 1391 1288 1476 erricbi,

136 1499 334 1582 ncufflupcc,
356 1499 491 1583 Affrc‘cc,
514 1520 666 1578 occeanus,
694 1503 863 1584 praeterea
886 1499 921 1564 in
943 1498 972 1563 V
995 1500 1134 1575 thamna,
1164 1497 1288 1581 lyopbu,

138 1607 266 1670 rrrcnbra
289 1607 375 1690 sim.;
411 1607 440 1669 Δ
468 1612 575 1672 autem
604 1628 730 1691 semper
756 1607 837 1690 fere,
865 1606 894 1671 V
916 1606 1105 1691 plerumque
1128 1626 1144 1670 c
1168 1627 1228 1688 pro
1243 1626 1288 1685 ¹oe

139 1713 301 1777 exhibent.
333 1752 369 1759 —
402 1714 456 1778 sed
479 1714 619 1777 maxime
643 1712 681 1797 (l,
713 1713 921 1796 quantumuis
949 1713 983 1776 in
1012 1713 1127 1776 ceteris
1150 1711 1288 1776 fideliter

139 1821 306 1903 exemplar
328 1824 495 1885 uetustum
518 1819 677 1904 depinxit,
708 1822 818 1885 tamen
845 1820 879 1883 in
902 1842 936 1884 re
961 1818 1214 1904 orthographica
1237 1818 1287 1882 sui

142 1928 264 1991 saeculi
292 1949 386 1991 usum
414 1927 527 2012 refert,
568 1949 643 1992 nam
671 1948 720 2010 ae,
752 1930 789 1990 ut
811 1927 906 2010 plene
935 1927 1074 1991 scribere
1101 1925 1168 1990 fere
1196 1925 1288 2008 solet,

139 2033 187 2096 ita
215 2038 248 2097 91
275 2055 334 2116 pro
364 2033 504 2117 simplici
527 2054 543 2097 c
569 2034 663 2116 ponit
685 2036 813 2116 praeter
838 2033 1066 2098 necessitatem
1089 2032 1210 2120 (lep-rba,
1241 2033 1288 2096 in·

125 2143 252 2225 opstare,
276 2140 367 2226 lpida,
391 2140 483 2227 lpm's,
507 2140 578 2228 lenc
597 2141 697 2224 sim.);
719 2161 816 2223 porro
839 2139 927 2203 haud
945 2161 1018 2203 raro
1042 2159 1075 2203 oe
1097 2160 1156 2222 pro
1177 2159 1213 2202 uc
1235 2138 1288 2201 uel

139 2245 289 2330 chabet,
312 2249 349 2309 ut
366 2249 513 2330 poenitet,
536 2251 679 2331 moestus,
700 2248 850 2330 foemina,
872 2246 999 2324 coelum,
1022 2250 1150 2329 coetero,
1171 2242 1289 2325 foelicls

142 2348 176 2435 (o
200 2352 360 2415 interdum
385 2375 404 2415 a
426 2368 450 2434 g
477 2376 604 2418 erasum
633 2357 683 2417 est
711 2351 839 2439 postea)
868 2353 951 2436 sim,
989 2352 1088 2417 etiam
1115 2373 1138 2416 n
1164 2374 1223 2435 pro
1248 2372 1288 2436 m,

141 2461 179 2521 ut
196 2479 328 2540 nanque,
351 2463 500 2539 acinano,
522 2461 656 2525 sobrinis
675 2459 840 2546 (similiter
857 2461 1002 2544 millenia,
1019 2458 1195 2542 cellutam);
1218 2461 1288 2523 tum

141 2585 159 2628 s
180 2586 239 2647 pro
262 2587 297 2649 cc,
321 2570 358 2630 ut
380 2567 490 2631 mistus
514 2568 597 2649 sim,
631 2566 794 2631 interdum
816 2587 837 2650 p
859 2589 918 2651 pro
942 2569 956 2631 i
979 2566 1106 2650 scribit,
1133 2569 1170 2630 ut
1193 2566 1288 2649 tybiu5

142 2692 202 2736 nec
230 2694 297 2736 non
323 2674 422 2738 alcior
453 2677 629 2758 contraque
656 2679 760 2756 culon
797 2674 934 2760 denique
968 2672 1144 2756 adspiratio
1178 2669 1288 2756 (saepe

143 2782 222 2844 noto
246 2781 302 2844 illo
326 2780 421 2863 signo
446 2781 480 2866 l)
504 2781 679 2846 addita-
704 2781 758 2845 hic
781 2781 848 2845 illic
871 2803 890 2844 a
913 2796 936 2862 g
961 2817 998 2826 —
1024 2780 1059 2844 in
1081 2779 1189 2862 incbcr,
1211 2799 1289 2843 onec

142 2886 213 2949 sim.
240 2923 276 2930 -
303 2890 444 2950 ceterum
468 2889 522 2951 scd
547 2888 665 2971 ubique
694 2910 733 2952 ex
755 2886 780 2952 (1
808 2886 894 2968 dedi,
926 2908 998 2951 cum
1021 2886 1051 2949 A
1073 2906 1200 2968 semper
1222 2878 1298 2948 fere

141 2991 218 3056 etV
237 3014 332 3078 saepe
350 3014 382 3070 s;
404 2992 461 3077 (=
477 2993 536 3078 sci)
555 2993 731 3057 exhibeant
750 2993 863 3077 (etiam
877 2991 968 3078 Par.)
982 3029 1024 3037 —
1039 2992 1120 3056 haec
1138 2992 1238 3075 igitur
1257 2994 1290 3054 et

141 3100 211 3163 eius
227 3099 354 3184 generis
369 3100 441 3184 alia,
459 3102 495 3163 ut
508 3099 613 3164 bonae
628 3102 737 3164 cartae
751 3121 925 3182 parcerem,
939 3100 1047 3181 omisi3
1066 3102 1099 3162 et
1112 3120 1234 3182 uereor,
1247 3120 1289 3162 ne

143 3189 242 3270 etiam
261 3207 295 3269 in
313 3206 358 3269 eis
374 3228 454 3288 quae
474 3206 685 3271 adscribenda
700 3207 813 3291 putaui
827 3207 955 3289 parcior
974 3229 1044 3271 esse
1061 3205 1232 3290 potuerim.
1249 3241 1285 3250 -

142 3313 239 3376 solita
254 3322 360 3377 autem
374 3314 576 3398 temporibus
591 3314 655 3378 illis
672 3313 860 3397 compendia
875 3313 1053 3396 scripturae
1073 3315 1130 3376 aut
1143 3313 1176 3376 in
1192 3334 1288 3395 appa·
1377 3296 1380 3301 ’

142 3423 215 3484 ratu
227 3442 477 3486 commemorare
491 3424 548 3484 aut
559 3421 613 3485 hic
625 3442 784 3503 enarrare,
798 3421 893 3504 plane
907 3419 1103 3504 superfluum
1115 3421 1165 3482 est
1174 3419 1290 3482 uisum.

142 3611 208 3649 nam
231 3596 360 3664 negando
383 3613 455 3663 quae
478 3595 577 3665 negari
599 3613 655 3650 non
677 3595 845 3664 debuerunt,
874 3596 933 3650 scil.
957 3595 1005 3664 agi
1028 3594 1041 3647 I
1064 3601 1095 3661 2,
1119 3599 1151 3647 67
1171 3611 1231 3661 sqq.
1254 3592 1289 3645 de

142 3684 240 3739 Deliae
265 3684 380 3753 marito,
409 3687 439 3738 91
461 3684 528 3739 hinc
550 3685 623 3739 falsa
647 3684 825 3751 affirmando,
853 3700 952 3754 nempe
971 3686 1097 3753 tempora
1121 3682 1229 3751 elegiae
1249 3698 1290 3735 se·

143 3772 251 3827 eundae
276 3773 408 3827 maritum
431 3773 511 3826 illum
536 3773 643 3827 Romae
665 3774 808 3826 uersatum
831 3789 891 3826 esse
914 3772 1007 3841 (quasi
1030 3789 1085 3826 non
1109 3789 1154 3825 nu.
1176 3775 1290 3823 43—58

142 3863 177 3916 de
202 3861 313 3918 absenti
336 3862 459 3931 olimque
481 3863 606 3917 redituro
630 3862 720 3933 accipi
743 3865 773 3916 et
790 3861 898 3931 possint
921 3863 951 3915 91
968 3861 1113 3930 debeant),
1140 3861 1224 3928 longe
1247 3859 1291 3912 uir

142 3950 196 4005 iste
215 3951 314 4005 doetus
334 3951 477 4006 aberrauit
495 3952 530 4006 ab
546 3968 579 4005 eo
595 3953 668 4019 quod
687 3952 730 4006 est
747 3952 779 4004 ut
794 3950 1033 4020 simplicissimum
1050 3949 1092 4003 ita
1105 3947 1290 4013 uerissimum‚

143 4040 276 4094 uidelicet
294 4040 351 4095 iam
370 4040 399 4094 in
418 4040 499 4095 initio
518 4041 621 4095 amoris
640 4039 716 4094 illius
734 4038 764 4093 in
778 4039 859 4093 terris
876 4038 1037 4108 longinquis
1057 4036 1223 4092 commorari
1237 4036 1290 4091 De·

142 4130 198 4183 liae
223 4129 370 4199 coniugem
392 4129 512 4198 ideoque
538 4129 631 4197 huius,
660 4127 747 4182 semol
771 4129 800 4181 et
823 4127 950 4182 custodia
972 4128 1104 4196 superata
1127 4129 1157 4180 91
1178 4125 1291 4195 puellae

143 4220 221 4272 metu
240 4218 389 4287 dissipato,
415 4217 522 4271 nullam
542 4215 654 4271 omnino
673 4218 703 4271 in
722 4217 820 4286 elegiis
839 4216 925 4271 tertia
943 4217 972 4270 et
989 4216 1088 4284 quinta
1106 4231 1123 4268 a
1140 4215 1225 4282 poeta
1243 4213 1291 4266 ha·

142 4307 203 4360 beri
226 4307 377 4375 rationem,
405 4306 492 4362 immo
511 4305 701 4376 pulcherrima
725 4320 852 4374 quaeque
876 4303 1024 4357 defutura
1046 4320 1110 4357 eum
1128 4300 1210 4356 Delia
1232 4301 1292 4356 uita

143 4395 257 4464 sperari.
295 4397 344 4449 sed
363 4397 433 4450 haec
451 4396 563 4465 aliaque
583 4394 709 4465 pluribus
727 4393 850 4448 refutare
869 4408 925 4447 non
944 4391 1017 4446 tanti
1036 4396 1087 4446 est.

197 4494 331 4534 urrerem.
536 4483 539 4487 ’
1023 4479 1079 4534 b**
