2858 4994
541 278 686 332 TlBULLI
704 279 771 333 LIB.
791 279 824 334 ll.
844 284 869 333 3.

569 548 572 551 ’
683 534 748 606 ΠΙ.

227 675 318 740 Rura
340 698 454 758 meam,
478 673 630 758 Cornum,
653 677 766 738 tenent
788 674 948 757 uillaeque
971 673 1128 757 puellam:

273 781 409 846 Ferreus
434 784 492 864 est,
516 781 607 860 eheu,
630 781 774 866 quisquis
798 780 833 844 in
848 781 935 845 'urbe
959 782 1077 844 manet.

228 889 307 972 lpse
328 888 438 954 Uenus
461 889 565 951 laetos
589 889 654 951 iam
677 909 761 951 nunc
784 887 941 972 migrauit
963 887 998 949 in
1021 906 1126 970 agros,

274 995 445 1079 Uerbaque
470 994 607 1058 aratoris
631 995 753 1058 rustica
776 995 873 1058 discit
896 993 1006 1058 Amor.

173 1117 190 1165 5
230 1100 257 1166 O
279 1123 348 1186 ego,
371 1105 408 1165 ut
431 1101 608 1184 aspicerem
631 1102 805 1186 dominam,
829 1122 926 1185 quam
945 1101 1073 1164 fort’ter
1095 1100 1162 1164 illic

275 1207 446 1273 Uersarem
469 1207 578 1272 ualido
602 1209 722 1294 pingue
746 1209 875 1273 bidente
901 1207 1006 1271 solum

229 1315 467 1401 Agricolaeque
491 1315 585 1379 modo
611 1296 744 1380 curuum
768 1319 909 1380 sectarer
933 1317 1085 1398 aratrum,

273 1421 359 1486 Dum
383 1422 539 1506 subigunt
563 1423 688 1486 steriles
713 1445 791 1487 arua
815 1421 948 1486 colenda
970 1421 1085 1485 boues!

228 1526 298 1592 Nee
322 1551 479 1614 quererer,
503 1552 599 1614 quom
624 1530 673 1593 sol
697 1529 833 1613 graciles
858 1531 1005 1593 exureret
1028 1531 1127 1611 artus,

156 1651 191 1699 10
275 1633 433 1701 Laederet
456 1642 488 1700 et
511 1642 636 1700 teneras
661 1637 793 1720 pussula
816 1637 913 1720 rupta
936 1657 1059 1698 manus.

229 1742 325 1807 Pauit
348 1745 381 1806 et
403 1743 535 1807 Admeti
558 1747 670 1807 tauros
694 1742 856 1807 formosus
882 1742 1011 1826 Apollo,

275 1847 343 1912 Nec
367 1849 492 1913 cithara
515 1850 665 1914 intonsae
688 1849 920 1932 profueruntue
944 1870 1064 1933 comae,

230 1953 299 2018 Nec
321 1957 429 2039 potuit
452 1978 544 2021 curas
570 1978 684 2021 sanare
708 1957 891 2021 salubribus
915 1955 1042 2019 herbis:

276 2060 434 2145 Quicquid
457 2067 527 2128 erat
549 2064 690 2128 medicae
713 2065 836 2127 uicerat
859 2063 941 2127 artis
965 2084 1065 2130 amor.

104 2248 111 2258 ,
158 2184 193 2232 15
226 2168 300 2252 Ipse
325 2169 401 2233 deus
426 2169 540 2234 solitus
565 2171 700 2235 stabulis
724 2170 882 2254 expellere
906 2189 1019 2232 uaccas

132 2382 157 2398 ”
230 2381 275 2446 Et
294 2382 428 2447 miscere
451 2404 537 2448 nouo
562 2384 708 2449 docuisse
732 2384 870 2469 coagula
891 2383 987 2467 lacte,

675 2491 693 2529 ’t

443 2539 461 2572 a
911 2534 928 2572 dt

275 2593 413 2660 Lacteus
438 2599 470 2659 et
493 2597 613 2660 mixtus
637 2596 820 2682 obriguisse
843 2597 958 2680 liquor.

231 2700 320 2765 Tunc
343 2703 465 2766 fiscella
488 2703 553 2766 leui
577 2702 706 2767 detexta
728 2705 778 2766 est
801 2701 921 2766 uimine
945 2702 1041 2785 iunci,

213 2912 281 2965 Van.
301 2934 374 2967 naar.
411 2914 459 2970 ΙΙΙ.
488 2915 528 2969 De
542 2913 639 2984 puella
652 2913 682 2967 in
697 2931 764 2983 agro
779 2913 873 2983 posita
888 2912 1065 2980 conqueritur
1080 2912 1116 2966 ad
1130 2914 1285 2970 eomutum.

138 3001 179 3055 Et
197 3001 272 3069 quod
290 3001 383 3070 puelle
402 3002 536 3057 diuitibus
555 3003 646 3072 pretio
661 3003 842 3068 delectentur.
863 3005 930 3068 Brea.
950 3007 985 3068 Δ;
1004 3008 1028 3056 et
1041 3003 1082 3056 sic
1094 3003 1150 3068 fere
1162 3007 1194 3057 V.
1222 3002 1286 3056 Ele-

139 3090 189 3159 gia
208 3093 309 3159 quarta
327 3097 348 3143 t}
366 3109 400 3145 m.
419 3109 470 3146 rec.
489 3094 521 3146 iu
539 3100 555 3147 2
575 3094 624 3147 liu.
643 3094 746 3147 iuterst
767 3095 776 3160 ΙΙ
799 3079 954 3146 1Ὀοτηιιὺθ
975 3095 1006 3144 0:
1027 3089 1157 3146 Cerintho
1176 3092 1260 3159 uulpo
1279 3091 1286 3159 ll

140 3186 156 3233 2
177 3179 249 3233 eheu
268 3194 285 3236 ς
290 3201 296 3232 :
315 3180 371 3234 heu
389 3180 445 3234 heu
464 3185 482 3232 0
502 3183 558 3250 (sed
572 3183 604 3235 iu
617 3186 641 3234 Δ
655 3183 770 3235 alterum
784 3181 840 3235 heu
854 3198 887 3236 ui.
902 3197 954 3235 rec.
969 3180 1144 3248 expunctum)
1159 3182 1198 3249 113
1213 3179 1287 3251 letos

141 3273 176 3321 G:
195 3267 270 3322 latos
288 3272 339 3320 AV
353 3271 391 3337 1Ιὸ
411 3271 443 3323 ut
461 3270 491 3323 J.
511 3270 549 3324 H.
575 3270 686 3324 Vossius
705 3271 774 3339 (eall.
793 3269 832 3322 IV
848 3276 872 3335 3,
888 3272 945 3338 11):
965 3268 1144 3323 comodum
1159 3268 1287 3338 Hepuius

140 3357 149 3426 ll
170 3363 186 3411 8
206 3357 325 3411 colenda
343 3363 377 3410 Gr
397 3358 513 3412 serenda
532 3361 581 3410 AV
594 3376 629 3412 us.
646 3367 658 3412 1
680 3360 812 3428 (secanda
831 3375 899 3412 corr.
915 3374 948 3412 m.
964 3361 991 3425 2)
1005 3359 1015 3426 ΙΙ
1029 3363 1044 3411 9
1059 3375 1144 3425 quom
1159 3357 1288 3411 Guietus:

139 3464 227 3515 qnam
246 3450 268 3497 (t
286 3446 361 3515 qnod
379 3450 429 3498 AV
443 3447 453 3514 ΙΙ
468 3454 501 3500 10
520 3450 569 3501 aut
579 3464 634 3515 pro
648 3449 677 3500 et
692 3449 763 3501 Itali
779 3449 782 3515 Ι
800 3447 914 3516 pussula
927 3448 988 3501 hub.
1004 3447 1095 3501 Fris:
1115 3446 1227 3515 pustula
1242 3450 1260 3497 0
1280 3445 1287 3515 ll

143 3542 175 3589 11
196 3535 316 3589 armenti
334 3540 370 3604 Δ,
389 3536 490 3590 armati
508 3552 541 3588 ea
559 3535 664 3589 admeti
683 3552 752 3589 corr.
769 3540 793 3585 V
807 3536 816 3603 ΙΙ
832 3540 863 3587 12
885 3534 992 3588 cithera
1010 3534 1033 3586 l
1052 3537 1167 3603 cythera
1189 3553 1222 3590 ea
1242 3554 1286 3604 oy·

140 3626 355 3679 tharacam
377 3627 387 3693 ΙΙ
411 3629 444 3677 14
463 3622 600 3690 medicae3
624 3625 675 3678 litt.
696 3623 743 3678 edi
760 3641 793 3679 ea
812 3639 880 3677 corr.
900 3627 922 3674 (t
944 3625 954 3693 ΙΙ
978 3630 1009 3677 15
1031 3629 1056 3678 et
1076 3630 1109 3678 16
1127 3625 1186 3701 siue
1204 3625 1288 3678 iuter·

140 3715 217 3768 stilio
236 3713 378 3782 eouiuupit
396 3716 431 3778 Δ,
458 3713 580 3780 spatium
606 3713 737 3781 relinquit
760 3719 793 3779 (1,
822 3714 853 3765 iu
872 3729 925 3782 quo
944 3731 962 3779 g
981 3713 1102 3768 addidit:
1131 3713 1163 3766 In
1189 3730 1287 3767 nemus

141 3803 171 3857 et
189 3803 285 3871 pastas
304 3801 369 3854 inde
388 3801 491 3861 reterre
510 3800 636 3869 domum3
656 3803 752 3856 deiude
770 3804 849 3872 sipuo
868 3803 992 3872 adposito
1011 3805 1043 3857 ia
1060 3820 1112 3872 rap.
1127 3803 1289 3871 iuferioreg

140 3892 265 3946 addidit:
289 3890 352 3957 lpse
377 3890 406 3942 et
423 3888 565 3958 spumanti
588 3889 693 3960 primus
717 3890 862 3946 multralia
886 3908 967 3946 succo
992 3893 1127 3962 Implesse
1151 3891 1288 3960 expressis

140 3981 231 4034 fertur
250 3978 286 4032 ab
305 3976 466 4046 huberibus,
485 3994 551 4046 ques
569 3995 665 4033 uersus
684 3997 701 4032 a
718 3980 846 4034 Peutcuo
865 3982 1002 4050 suppletas
1021 3986 1135 4035 testatur
1160 3980 1288 4036 Puecius.

142 4070 203 4125 alia
221 4073 286 4122 suut
304 4067 490 4136 supplementa
508 4068 649 4137 Aurispue
668 4073 701 4139 (V
719 4085 776 4137 up..
791 4086 824 4123 ut.
845 4070 885 4137 tl:
909 4069 946 4123 Et
963 4071 1061 4139 potum
1081 4071 1168 4125 fessas
1187 4070 1288 4125 ducere

142 4156 316 4224 fluminibus,
340 4155 455 4209 Seuecae
479 4158 512 4225 (V
534 4158 566 4211 iu
589 4158 687 4226 tertul:
717 4157 847 4212 Creditur
875 4158 911 4212 ad
935 4160 1085 4213 mulctram
1113 4159 1288 4215 constituisse

141 4247 233 4318 prins,
256 4262 326 4314 quae
340 4246 447 4314 passim
465 4246 496 4299 iu
515 4259 532 4301 ς
550 4247 676 4299 inuenire
694 4246 756 4299 lieet
769 4246 778 4312 ΙΙ
792 4246 863 4299 iuter
883 4251 916 4300 16
936 4251 960 4299 et
980 4252 1012 4300 17
1037 4248 1165 4302 lacuuuur
1183 4251 1288 4318 sipuifi-

142 4336 216 4391 eaui.
237 4333 266 4388 0.
287 4333 329 4385 M.
350 4333 497 4389 Fraaeteu
517 4340 550 4388 16
569 4339 594 4387 et
613 4340 645 4388 17
664 4335 774 4402 spurios
791 4334 871 4387 lrabet
884 4334 893 4401 ΙΙ
908 4338 940 4386 17
956 4333 1053 4389 mistus
1069 4340 1090 4387 t}
1104 4336 1202 4390 mustis
1217 4340 1289 4393 Itali

143 4422 233 4477 mixtu
248 4419 418 4492 subripuisse
432 4423 629 4478 Laelimauaus
642 4425 652 4493 ΙΙ
667 4428 700 4478 18
715 4423 793 4478 Tune
813 4427 845 4476 0:
866 4421 937 4477 Tum
956 4438 973 4483 ς
