2954 4988
600 288 773 344 SULPICIA.

208 447 252 511 m
275 470 493 533 quaecumque
517 472 587 514 meo
612 449 725 514 furtim
750 449 896 532 subrepit
920 451 1031 533 amori,

250 553 377 620 Incidat
400 556 433 619 in
458 579 572 622 saeuas
596 556 774 639 diripienda
794 556 889 621 feras.

205 659 251 724 At
272 664 309 724 tu
332 663 472 728 uenandi
497 662 638 727 studium
662 662 799 727 concede
822 664 960 748 parenti,

249 768 294 832 Et
318 770 402 834 celer
423 770 458 835 in
480 774 611 835 nostros
634 771 704 855 ipse
727 792 855 835 recurre
880 772 979 836 sinus.

136 1037 159 1102 3
206 1038 278 1103 Huc
302 1038 378 1103 ades
403 1042 589 1106 ettenerae
614 1042 746 1108 morbos
771 1039 893 1124 expelle
916 1039 1053 1125 puellae,

247 1146 320 1211 Huc
345 1147 429 1230 ades,
452 1147 586 1212 intonsa
605 1147 736 1213 Phoebe
761 1147 897 1232 superbe
921 1168 1024 1210 coma.

204 1251 305 1316 Crede
328 1252 417 1335 mihi,
441 1277 591 1338 propera:
615 1258 730 1319 necte
754 1254 828 1336 iam,
850 1252 989 1336 Phoebe,
1012 1252 1137 1337 pigebit

247 1358 422 1424 Formosae
446 1359 587 1424 medicas
612 1358 807 1443 applicuisse
830 1380 954 1423 manus.

151 1481 167 1530 ὅ
204 1464 307 1530 Effice
331 1489 372 1530 ne
395 1467 514 1532 macies
537 1467 695 1551 pallentes
721 1469 855 1550 occupet
877 1470 976 1543 artus,

249 1572 322 1638 Neu
345 1577 437 1638 notet
459 1573 606 1637 informis
630 1572 767 1638 candida
791 1572 936 1636 membra
959 1572 1065 1656 color3

202 1679 247 1745 Et
271 1679 492 1763 quodcumque
516 1679 594 1743 mali
618 1683 668 1743 est
690 1681 723 1742 et
746 1678 901 1762 quidquid
925 1660 1019 1742 triste
1043 1677 1206 1756 timemus,

247 1786 286 1850 In
310 1786 445 1870 pelagus
469 1786 590 1870 rapidis
614 1785 732 1849 euehat
755 1784 860 1848 amnis
884 1785 985 1868 aquis.

203 1891 330 1975 Sancte,
354 1893 437 1976 ueni,
460 1896 629 1976 tecumque
652 1891 749 1973 feras,
773 1891 965 1975 quicumque
990 1913 1131 1975 sapores,

130 2013 164 2062 10
247 1998 446 2083 Quicumque
470 2002 503 2062 et
525 2003 638 2063 cantus
663 2019 800 2080 corpora
822 1996 909 2061 fessa
932 1998 1055 2080 leuant;

202 2103 275 2168 Neu
298 2105 448 2169 iuuenem
471 2108 595 2190 torque,
618 2105 735 2169 metuit
757 2103 812 2187 qui
835 2104 905 2168 fata
927 2105 1056 2187 puellae

247 2211 397 2297 Uotaque
420 2235 478 2296 pro
504 2211 633 2276 domina
655 2211 710 2274 uix
733 2209 933 2276 numeranda
958 2210 1047 2275 facit.

204 2318 369 2383 Interdum
394 2323 501 2402 uouet‚
524 2320 694 2403 interdum,
719 2320 804 2403 quod
826 2319 982 2403 langueat
1004 2318 1071 2398 illa,

247 2424 335 2489 Dicit
357 2427 391 2490 in
414 2429 561 2490 aeternos
586 2449 701 2510 aspera
724 2426 823 2490 uerba
847 2425 935 2490 deos.

131 2546 164 2595 15
202 2530 289 2596 Pone
313 2534 443 2614 metum,
468 2529 634 2595 Cerinthe:
659 2531 742 2594 deus*
759 2554 826 2596 non
848 2533 949 2596 laedit
972 2535 1126 2596 amantes.

246 2638 295 2702 Tu
318 2637 413 2701 modo
439 2659 565 2720 semper
589 2660 674 2701 ama:
699 2637 790 2700 salua
813 2637 921 2720 puella
944 2637 1004 2701 tibi
1028 2640 1086 2701 est.

130 2761 163 2808 21
201 2743 259 2808 Nil
282 2768 362 2828 opus
387 2743 550 2808 est‘fletu:
574 2744 715 2808 lacrimis
740 2744 801 2807 erit
824 2744 933 2827 aptius
956 2744 1013 2827 uti,

130 2868 165 2916 22
247 2851 280 2916 Si
305 2852 432 2937 quando
455 2851 554 2915 fuerit
576 2852 703 2915 tristior
729 2851 786 2915 illa
808 2851 880 2915 tibi.

134 2976 165 3024 17
204 2958 250 3022 At
273 2981 357 3023 nunc
380 2962 451 3023 tota
473 2961 529 3022 tua
552 2960 611 3039 est,
634 2960 666 3021 te
691 2957 794 3021 solum
819 2956 957 3020 candida
981 2978 1088 3020 secum

162 3083 166 3146 j
250 3063 389 3152 Cogitat,
413 3068 445 3129 et
467 3064 590 3129 frustra
614 3063 743 3128 credula
765 3063 861 3127 turba
885 3063 983 3126 sedet.

201 3171 341 3254 Phoebe,
364 3171 452 3235 faue:
477 3171 548 3234 laus
571 3191 692 3254 magna
714 3170 775 3233 tibi
797 3169 958 3232 tribuetur
979 3169 1015 3232 in
1033 3192 1097 3236 uno

131 3293 165 3342 20
244 3276 386 3362 Corpore
411 3281 541 3342 seruato
564 3276 746 3341 restituisse
770 3275 858 3340 duos.

130 3400 163 3448 23
201 3384 270 3448 Iam
295 3385 427 3463 celeber,
451 3384 516 3447 iam
539 3383 643 3448 laetus
667 3383 739 3465 eris,
762 3405 835 3447 cum
859 3382 968 3447 debita
991 3382 1103 3447 reddet

212 3474 214 3478 ’
247 3489 404 3556 Certatim
429 3490 548 3555 sanctis
572 3490 676 3553 laetus
700 3492 834 3574 uterque
856 3489 946 3554 focis.

130 3614 164 3662 25
202 3598 291 3662 Tunc
314 3602 346 3662 te
368 3598 496 3662 felicem
519 3597 604 3660 dicet
627 3595 683 3678 pia
705 3593 801 3658 turba
824 3595 966 3679 deorum,

246 3704 415 3788 Optabunt
439 3707 524 3768 artes
548 3706 581 3766 et
604 3703 666 3767 sibi
690 3703 825 3788 quisque
848 3707 930 3768 tuas.

183 3845 250 3901 Vna.
270 3865 342 3899 unce.
381 3851 413 3898 21
433 3844 471 3898 Et
489 3849 520 3898 0:
540 3844 578 3897 At
595 3849 616 3895 Ε
633 3846 636 3912 Ι
654 3842 779 3912 subrepit
797 3845 876 3912 (surr.
896 3844 928 3913 0)
952 3848 971 3895 0
992 3843 1100 3897 Planta
1124 3843 1256 3912 subrepet

110 3938 134 3985 V
152 3940 218 3988 1112
1055 3946 1059 3952 ’

182 4023 211 4076 3.
248 4021 291 4074 Ad
310 4021 434 4090 phebum
452 4038 502 4091 pro
522 4021 647 4076 cherinto
667 4023 820 4091 egrotante.
846 4022 906 4076 Rea.
930 4026 980 4074 AV
1008 4020 1052 4074 Ad
1070 4020 1255 4074 Phoebumd

109 4129 144 4166 m.
164 4127 215 4165 rec.
235 4110 287 4165 litt.
305 4111 419 4164 matesc.
433 4111 443 4179 ΙΙ
462 4117 477 4165 6
493 4110 613 4165 candida
631 4126 660 4168 s:
679 4110 787 4180 pallida
806 4115 825 4162 0
846 4112 941 4165 Plaut.
960 4112 971 4181 ΙΙ
990 4118 1004 4165 7
1025 4109 1157 4179 quiequid
1176 4114 1228 4161 GV
1246 4110 1255 4182 Η

110 4206 126 4253 8
146 4198 250 4254 rabidis
269 4204 292 4251 Δ
313 4202 316 4268 Ι
339 4200 422 4252 eueat
444 4202 467 4249 Δ
490 4215 524 4252 m.
545 4204 574 4265 1;
598 4198 720 4254 deuehat
738 4199 873 4253 Heinsius
890 4199 900 4268 tl
918 4205 934 4252 9
953 4198 1063 4267 lepores
1087 4216 1106 4265 g
1122 4199 1132 4267 ΙΙ
1150 4215 1254 4267 casus,

107 4291 159 4360 qui
176 4295 242 4343 suut
259 4291 291 4343 iu
309 4295 328 4342 0
348 4293 391 4355 21,
410 4291 453 4354 22,
473 4291 536 4340 uate
561 4293 651 4354 17,18
670 4303 785 4355 posuere
804 4287 877 4341 Itali
883 4306 893 4352 ;
915 4288 999 4340 etita
1018 4286 1113 4340 Placet.
1128 4288 1138 4356 ΙΙ
1162 4293 1193 4341 17
1214 4289 1254 4342 Ao

113 4381 297 4449 1111110ΔοΙὸ
317 4377 415 4432 sedula
434 4392 451 4434 ς
