2858 4994
136 219 202 274 XVI
565 217 851 273 PROLEGOMENA.

136 379 160 445 F
183 381 273 446 Pae:
303 380 499 466 ‘Dexter-{q3
523 381 570 446 ut'
593 380 631 465 (t,
655 380 811 446 ‘Dextera
832 412 848 463 g
870 379 918 445 ut'
941 379 1000 444 AV
1022 381 1201 464 praebent.
1242 380 1295 444 sed

136 486 249 552 eadem
276 488 352 553 Par.
386 510 458 553 cum
487 485 512 551 d
544 490 729 573 congruunt
758 488 793 551 in
820 514 839 551 ι,
854 514 873 550 ι.
900 487 1039 551 39-47
1068 484 1295 550 collocatione

136 616 240 677 praua
263 591 376 679 (quam
393 593 417 659 T
437 616 563 678 quoque
586 594 738 659 habuisse
761 616 876 677 parurn
900 597 951 657 est
968 592 1168 677 probabile),
1194 613 1295 675 porro

137 703 251 765 contra
280 700 435 765 disertum
464 700 502 764 de
530 698 554 764 T
582 700 806 764 testimonium
833 700 869 764 in
897 698 952 763 ‘et'
980 699 1036 783 39,
1068 698 1103 763 in
1130 696 1218 762 ‘aut'
1244 699 1296 763 97.

136 805 246 891 itaque
264 807 327 871 hoc
346 807 480 871 dubium
497 828 565 871 non
584 809 646 890 est,
667 807 702 870 in
720 807 916 891 panegyrico
936 827 1061 889 quoque
1080 826 1295 869 communem

140 910 217 976 [let
235 911 312 977 Por.
339 912 497 997 originem
521 934 604 996 esse3
638 913 826 998 ambiguum
849 912 943 996 illud,
966 914 1074 975 utrum
1096 911 1126 975 is
1152 912 1216 995 qui
1240 911 1296 975 tri·

135 1017 196 1082 bus
224 1017 304 1083 locis
337 1041 435 1101 supra
469 1018 586 1083 adlatis
619 1020 654 1082 in
681 1019 756 1084 Par.
785 1041 857 1084 cunr
885 1017 909 1082 F
937 1017 1077 1082 cernitur
1106 1039 1295 1082 consensus

138 1146 178 1188 ex
200 1124 347 1190 felicibus
377 1126 575 1209 excerptoris
601 1125 795 1191 coniecturis
819 1126 902 1190 forte
926 1125 1056 1189 fortuna
1083 1123 1225 1188 effectus
1251 1124 1296 1187 sit

139 1250 181 1294 an
204 1252 282 1296 uero
305 1231 359 1295 hic
381 1231 488 1316 ipsum
510 1230 534 1296 F
557 1232 720 1298 interdum
742 1233 928 1316 inspexerit.

152 1401 154 1404 .
226 1337 272 1403 Et
289 1338 372 1402 haec
391 1339 519 1422 quidenr
533 1339 699 1404 hactenus.
727 1339 903 1403 maximum
923 1340 1032 1402 autem
1051 1360 1089 1404 ex
1103 1337 1128 1403 (t
1142 1337 1293 1403 fructum

140 1466 214 1509 eum
242 1467 351 1510 sumus
375 1445 504 1530 lucrati,
536 1446 710 1530 quodiam
736 1468 794 1530 per
816 1448 922 1511 totum
946 1445 1068 1509 Tibulli
1097 1467 1181 1529 opus
1208 1445 1293 1509 duas

140 1551 286 1617 codicum
315 1551 456 1617 familias
484 1553 568 1617 inter
595 1575 629 1618 se
664 1575 852 1636 comparare
880 1553 964 1617 licet.
1014 1555 1047 1617 et
1075 1554 1154 1636 quot
1182 1551 1292 1615 bonas

138 1657 309 1742 lectiones,
333 1679 413 1741 quae
438 1661 533 1722 antea
553 1657 669 1723 Puccio
694 1660 745 1722 uel
769 1659 841 1723 aliis
863 1657 956 1722 Italis
979 1658 1088 1722 deberi
1111 1656 1292 1722 credeban·

137 1767 204 1848 tur,
226 1785 313 1828 nunc
336 1764 515 1849 antiquitus
539 1764 638 1830 fuisse
661 1765 798 1830 traditas
822 1763 848 1829 (l
871 1766 979 1830 docet!
1003 1765 1081 1848 quin
1105 1763 1175 1827 sine
1201 1783 1293 1826 arro·

137 1863 269 1955 gantiae
298 1869 443 1953 periculo
474 1871 536 1936 hoc
566 1894 697 1955 possum
730 1872 936 1955 contendere,
973 1871 1046 1935 inde
1078 1893 1097 1934 a
1128 1869 1292 1954 Scaligeri

137 1975 277 2042 editione
308 1998 374 2041 non
403 1977 506 2040 maius
539 1977 792 2041 emolumenturn
819 1976 1015 2041 redundasse
1043 1978 1077 2040 in
1105 1976 1205 2040 crisin
1235 1975 1292 2039 Ti·

137 2082 317 2147 bullianam
341 2104 437 2166 quam
460 2084 640 2166 reciperato
665 2083 800 2147 anobis
823 2083 908 2148 libro
932 2083 1198 2166 Guelferbytano.

227 2187 290 2253 Sed
317 2192 491 2273 antequam
518 2190 622 2254 fusius
651 2189 807 2253 disseram
836 2190 874 2253 de
898 2188 923 2254 (l
951 2192 983 2254 et
1005 2188 1065 2253 AV
1087 2188 1292 2253 familiarum

137 2294 406 2379 proprietatibus,
442 2296 554 2379 paucis
588 2295 848 2361 commemorabo
879 2294 904 2360 (t
935 2296 1002 2360 iam
1034 2296 1075 2360 ab
1104 2294 1200 2359 Italis
1234 2294 1292 2359 hic

136 2401 203 2499 illic
222 2400 404 2465 adhibitum
423 2423 494 2467 esse
513 2403 555 2466 ad
570 2402 776 2487 corrigendas
796 2402 931 2467 alterius
945 2401 1059 2467 classis
1074 2403 1290 2484 corruptelas.

138 2508 228 2572 uelut
250 2507 285 2571 in
304 2507 333 2572 V
350 2530 467 2573 manus
492 2510 596 2574 altera
619 2531 657 2573 ex
672 2507 701 2573 ,d
723 2509 757 2573 in
780 2510 885 2595 elegia
908 2509 1014 2593 prima
1038 2508 1225 2573 emendauit
1243 2511 1290 2574 37

138 2614 183 2690 ςθ’,
202 2612 272 2700 (‘et'
291 2614 350 2679 AV
367 2636 406 2680 m.
422 2613 470 2701 1),
493 2615 537 2680 54
561 2614 702 2680 ‘ostiles'
720 2614 858 2702 (‘exiles'
879 2614 938 2679 AV
956 2637 996 2680 m.
1010 2617 1053 2698 1),
1077 2616 1120 2680 64
1139 2613 1290 2679 ‘Vincta'

137 2719 291 2808 (Tuncta'
309 2721 369 2786 AV
386 2738 427 2787 m.
445 2720 489 2808 1).
533 2724 566 2785 et
590 2721 740 2786 similiter
761 2722 796 2786 in
819 2722 908 2786 codd.
932 2721 1163 2787 recentissimis
1186 2723 1290 2788 modo

137 2827 199 2892 hae
226 2829 323 2893 modo
351 2828 425 2892 illae
453 2827 607 2892 lectiones
636 2849 675 2891 ex
699 2825 724 2891 (l
751 2831 898 2911 receptae
927 2827 1217 2911 deprehenduntur.
1246 2867 1288 2876 —

139 2937 281 2999 ceterum
304 2933 329 2999 (l
355 2935 549 3018 aliquotiens
579 2934 706 2999 uidetur
733 2956 803 2999 esse
828 2934 1015 3017 descriptus.
1060 2956 1137 2998 narn
1160 2934 1290 2999 inueni-

137 3045 237 3107 untur
265 3042 415 3108 nonnulli
442 3041 531 3126 libri,
563 3041 599 3104 in
627 3041 743 3125 quibus
775 3064 849 3106 cum
877 3039 1005 3106 Tibullo
1034 3039 1206 3104 coniuncta
1237 3046 1290 3105 est

139 3148 280 3232 epistula
307 3145 457 3231 Sapphus
487 3147 604 3230 quique
633 3143 728 3231 (quae
757 3152 834 3212 sunt
860 3146 992 3232 propria
1020 3146 1288 3233 Guelferbytani)

138 3256 171 3317 et
198 3255 232 3318 in
259 3254 324 3318 fine
348 3252 469 3317 Tibulli
496 3254 601 3317 uitam
629 3256 661 3317 et
688 3254 721 3318 id
749 3255 834 3337 quod
862 3255 897 3318 in
920 3252 979 3318 AV
1007 3251 1158 3336 postam
1182 3252 1216 3336 6,
1242 3255 1287 3318 64

140 3359 313 3443 repetitum
336 3359 456 3443 legitur
479 3380 608 3422 carmen
630 3358 678 3423 IV
700 3360 739 3424 12
764 3359 928 3425 omittunt.
959 3360 1014 3424 sed
1036 3359 1152 3424 horum
1175 3362 1286 3424 textus

138 3487 211 3529 cunr
231 3467 276 3529 eis
296 3486 376 3549 quae
395 3481 418 3547 g
440 3465 473 3530 in
493 3464 518 3530 (t
541 3465 652 3529 intulit
669 3467 858 3531 correcturis
878 3470 949 3531 tum
970 3487 1057 3530 noua
1076 3466 1285 3548 corruptione

136 3570 292 3653 nouisque
316 3569 441 3634 adscita
463 3570 588 3634 familia
605 3569 664 3634 AV
682 3571 990 3658 interpolationibus
1014 3571 1200 3656 inquinatus
1224 3576 1286 3637 est.

136 3676 217 3742 mihi
245 3679 330 3741 certe
358 3699 425 3741 non
453 3677 592 3761 contigit
621 3678 730 3743 uidere
758 3680 896 3743 alterum
919 3679 1064 3761 familiae
1087 3677 1112 3743 (l
1139 3679 1284 3744 codicem

136 3785 283 3868 probum.
328 3783 436 3866 itaque
464 3787 593 3868 praeter
616 3782 641 3848 (l
668 3807 736 3849 non
761 3785 890 3850 uidetur
917 3786 1040 3850 factum
1068 3808 1138 3851 esse
1162 3787 1285 3850 uetusti

105 3920 106 3924 ¹
137 3889 179 3954 ad
202 3890 288 3974 quod
312 3890 365 3954 ille
389 3890 473 3954 redit
496 3891 688 3973 exemplaris
713 3891 934 3977 apographon.

225 3996 294 4059 Iam
325 3997 353 4061 si
384 3997 420 4060 in
448 3998 720 4080 comparationem
748 4021 901 4084 uocamus
930 3997 955 4063 (l
987 4002 1020 4063 et
1045 3997 1105 4063 AV
1131 3998 1284 4083 familias,

136 4125 202 4169 non
227 4102 343 4167 desunt
362 4102 490 4186 quidem
512 4103 576 4167 loci
595 4103 712 4186 quibus
734 4104 816 4169 haec
839 4105 887 4169 illi
908 4107 1060 4189 praestet.
1093 4105 1138 4169 sic
1161 4106 1284 4170 habent
1317 4095 1319 4100 ’

137 4232 184 4274 ex.
208 4231 255 4295 gr.
277 4209 294 4274 I
317 4211 347 4294 2,
373 4210 415 4274 14
438 4208 563 4274 ‘florida
587 4209 685 4300 serta'
704 4210 776 4275 AV:
802 4210 953 4295 ‘plurima
976 4211 1076 4277 serta'
1097 4209 1122 4275 (t
1145 4233 1162 4275 e
1185 4233 1283 4276 uersu

136 4315 351 4399 praecedenti.
397 4316 452 4380 sed
480 4320 517 4381 ut
544 4316 609 4380 iam
637 4317 671 4380 in
697 4317 802 4400 prima
829 4317 934 4402 elegia
957 4316 982 4382 (l
1009 4317 1158 4382 meliores
1184 4340 1282 4401 quam
