2858 4994
535 316 705 370 LYGDAMI
723 315 777 369 ΕΒ.
798 321 822 368 6.

238 478 300 555 Qui
323 479 418 543 timet
441 479 516 543 irati
539 479 673 543 numina
697 497 825 562 magna,
848 477 948 542 bibat.

191 583 312 660 Quales
335 586 386 649 his
409 609 530 670 poenas
555 587 660 671 qualis
685 590 888 670 quantusque
912 584 1063 662 minetur,

169 712 173 716 ·
237 689 395 757 Cadmeae
420 693 533 757 matris
557 693 677 776 pracda
701 695 833 756 cruenta
858 691 959 755 docet.

104 814 148 862 25
191 796 255 863 Sed
278 798 391 883 procul
415 822 435 863 a
453 799 547 863 nobis
571 800 625 863 hic
649 799 693 863 sit
715 798 823 880 timor,
846 797 974 879 illaque,
998 796 1100 880 siqua,

236 905 319 983 Quid
341 905 452 970 ualeat
475 905 555 970 laesi
579 905 699 969 sentiat
721 906 770 968 ira
793 903 853 968 dei.

188 1012 274 1089 Quid
297 1035 421 1097 precor,
445 1035 464 1075 a
487 1012 641 1076 demens?
665 1012 755 1075 uenti
773 1011 946 1076 temeraria
969 1013 1057 1095 uota,

233 1119 350 1184 Aeriae
375 1122 408 1183 ct
429 1120 532 1183 nubes
557 1119 739 1203 diripienda
761 1118 878 1182 ferant.

120 1251 124 1255 ·
191 1225 345 1303 Quamuis
369 1227 461 1292 nulla
483 1227 547 1291 mei
572 1231 719 1312 superest
741 1227 802 1291 tibi
825 1248 911 1309 cura,
934 1224 1068 1309 Neaera,

102 1351 147 1399 30
235 1331 285 1398 Sis
309 1333 395 1418 felix,
419 1338 452 1398 et
475 1335 542 1398 sint
565 1334 701 1399 candida
723 1334 792 1398 fata
816 1336 882 1397 tna.

188 1441 233 1504 At
255 1464 316 1506 nos
341 1463 470 1507 securae
494 1443 666 1506 reddamus
690 1447 838 1524 tempora
862 1461 1008 1503 mensae:

230 1547 332 1613 Uenit
355 1554 432 1633 post
454 1550 575 1614 multas
598 1572 664 1613 una
688 1569 801 1612 serena
824 1547 901 1611 dies.

185 1655 227 1720 Ei
249 1655 338 1740 mihi,
362 1656 492 1720 difficile
517 1659 567 1751 est
590 1655 711 1719 imitari
734 1653 852 1738 gaudia
874 1652 968 1736 falsa,

229 1762 369 1826 Difficile
395 1766 443 1827 est
466 1763 554 1827 tristi
577 1763 700 1847 fingere
723 1764 831 1824 mente
855 1761 970 1843 iocum,

99 1887 142 1935 35
186 1869 254 1935 Nec
277 1870 359 1933 bene
384 1869 532 1934 mendaci
554 1871 638 1934 risus
663 1868 867 1951 componitur
890 1889 955 1951 ore,
1060 1861 1061 1865 ¹

228 1976 297 2042 Nec
321 1978 402 2042 bene
427 1977 574 2042 sollicitis
599 1977 690 2042 ebria
713 1976 813 2040 uerba
837 1977 963 2039 sonant.

184 2083 267 2160 Quid
291 2106 409 2168 queror
431 2084 566 2149 infelix?
589 2073 702 2167 turpes
726 2082 881 2146 discedite
906 2102 1014 2145 curae:

228 2191 306 2256 Odit
329 2191 475 2256 Lenaeus
499 2191 608 2256 tristia
631 2193 732 2256 uerba
753 2195 856 2275 pater.

183 2294 315 2381 Gnosia,
340 2295 483 2360 Theseae
509 2297 671 2381 quondam
695 2297 837 2380 periuria
859 2297 990 2381 linguae

102 2420 143 2468 40
226 2403 362 2469 Fleuisti
386 2405 499 2489 ignoto
525 2405 594 2469 sola
616 2406 732 2470 relicta
754 2405 855 2469 mari:

182 2507 234 2574 Sic
258 2511 375 2575 cecinit
397 2534 456 2595 pro
480 2515 512 2575 te
535 2512 659 2596 doctus,
683 2512 794 2591 Minoi,
814 2510 962 2576 Catullus

223 2617 350 2702 Ingrati
373 2618 515 2682 referens
539 2618 640 2701 impia
662 2619 751 2682 facta
773 2618 844 2683 uiri.

181 2721 249 2786 Uos
273 2743 333 2808 ego
357 2746 444 2788 nunc
468 2746 598 2790 moneo:
623 2726 718 2808 felix,
742 2725 932 2809 quicumque
957 2724 1066 2787 dolore

227 2829 371 2894 Alterius
395 2831 498 2895 disces
522 2853 618 2914 posse
643 2854 756 2896 cauere
780 2836 881 2896 tuom.

106 2953 142 3000 45
181 2934 249 3001 Nec
272 2959 331 3002 uos
356 2940 412 3002 aut
436 2937 567 3020 capiant
589 2939 763 3021 pendentia
786 2939 920 3003 brachia
943 2937 1026 3002 collo

161 3202 227 3255 Vra.
247 3221 319 3256 caer.
350 3207 383 3255 23
399 3200 496 3265 Qualis
510 3206 532 3253 0
548 3204 551 3270 1
582 3202 673 3271 qualis
688 3204 864 3271 quantusque
878 3209 912 3258 F:
931 3202 1059 3258 deus'hic
1074 3203 1234 3272 quantique

85 3294 140 3344 AV
153 3308 187 3345 m.
205 3297 218 3344 1
234 3290 367 3360 (-tunq;);
386 3290 454 3344 deus
473 3291 518 3345 hic
538 3298 683 3366 qupcr'rque
698 3297 720 3344 0
739 3298 763 3347 ct
775 3297 800 3344 V
812 3310 864 3362 inp.
878 3310 913 3348 m.
929 3295 1017 3362 21120
1033 3292 1112 3361 siqua
1125 3294 1237 3360 scripsi:

86 3378 169 3448 siqua
188 3382 263 3434 esto
285 3380 380 3436 Plani.
400 3381 474 3435 sicca
494 3383 623 3437 Muretus
636 3385 646 3453 1
659 3389 693 3436 26
714 3382 818 3438 sentiat
831 3388 854 3434 Δ
871 3383 980 3437 Planta
999 3382 1101 3436 sentiet
1115 3385 1187 3451 0011
1201 3389 1234 3436 27

85 3468 125 3523 ah
139 3473 158 3520 0
172 3471 182 3539 1
196 3475 229 3522 32
244 3469 348 3524 multas
364 3475 382 3521 0
397 3470 506 3527 Plani:
522 3471 657 3527 multosv
671 3478 741 3527 1112.
757 3478 871 3526 ceterum
885 3473 1007 3526 maestas
1021 3473 1066 3525 uel
1079 3471 1168 3525 simile
1185 3473 1236 3525 ali-

87 3559 157 3628 quid
170 3564 287 3627 expectes
300 3560 310 3628 11
319 3564 383 3627 post
402 3565 437 3613 32
455 3577 559 3615 nouum
577 3578 686 3616 carmen
700 3563 731 3615 iu
745 3567 764 3613 0
782 3563 882 3629 incipit
895 3562 947 3630 (De
961 3576 1045 3615 neera
1059 3559 1237 3628 conqueritur

86 3650 111 3699 Δ
129 3647 170 3702 De
188 3647 281 3702 Neera
299 3665 353 3721 quq
372 3649 406 3703 de
425 3649 539 3704 Amasio
563 3651 742 3719 conqueritur
760 3655 782 3702 V
806 3649 905 3719 Elegia
928 3648 980 3703 VII
1003 3652 1025 3699 0
1043 3665 1077 3703 m.
1097 3665 1148 3703 rec.
1169 3651 1234 3703 012

87 3736 140 3790 litt.
159 3736 288 3814 intercipi
306 3739 414 3806 primus
433 3740 563 3794 Muretus
581 3742 727 3795 coniunxit
745 3757 806 3795 cum
819 3741 916 3808 priore
929 3741 938 3808 11
952 3745 1057 3793 33-36
1076 3739 1137 3793 hab.
1157 3738 1235 3794 Fris.

86 3829 112 3878 ct
128 3825 196 3881 Pur.
210 3828 266 3896 133
281 3825 334 3880 Hei
348 3826 419 3881 mihi
437 3845 457 3893 g
472 3828 583 3884 Planta
602 3829 639 3883 nt
656 3829 728 3884 mihi
741 3830 818 3884 Fris.
839 3829 868 3882 Si
886 3827 958 3882 mihi
976 3834 995 3880 0
1015 3828 1072 3898 (scd
1086 3832 1109 3879 V
1127 3845 1161 3881 m.
1182 3833 1196 3879 1
1212 3828 1235 3895 l)

88 3912 153 3967 Heu
171 3931 256 3981 quam
278 3915 344 3970 Par.
360 3919 417 3985 134
436 3918 529 3972 locum
548 3917 625 3972 Fris.
644 3936 678 3972 m.
696 3925 725 3984 1,
746 3919 814 3973 Pur.
834 3936 851 3970 n
868 3919 1063 3986 14113336
1081 3915 1146 3968 Non
1165 3916 1236 3968 benc

87 4002 157 4055 Par.
171 4005 228 4072 137
248 4020 348 4072 queror
366 4010 418 4059 AV
438 4007 546 4062 Plani:
566 4008 666 4076 loquor
685 4007 729 4075 011
747 4013 782 4060 40
800 4006 872 4060 mari
889 4022 947 4060 non
970 4021 1118 4074 concoquc;
1140 4005 1235 4058 inclini

84 4091 219 4160 1000141
241 4092 298 4163 Sic]
319 4094 373 4147 Sc'd
392 4109 421 4160 ς;
440 4095 505 4162 fort.
525 4095 567 4165 Si,
586 4102 617 4150 ut
635 4114 654 4151 a
672 4103 706 4151 43
726 4097 854 4165 speciosis
872 4095 992 4164 incipiat
1009 4096 1019 4162 11
1039 4101 1073 4148 43
1092 4110 1165 4147 nunc
1184 4098 1235 4146 AV

87 4182 198 4237 Placet:
218 4183 258 4238 sic
277 4188 298 4235 0
315 4186 318 4252 1
335 4182 403 4237 felix
421 4201 447 4252 q.
467 4185 493 4240 d.
513 4191 537 4239 et
555 4192 590 4239 44
608 4187 670 4240 hab.
690 4185 767 4240 Fris.
787 4191 812 4240 ct
832 4186 900 4240 Par.
914 4188 924 4254 l
938 4191 973 4238 44
987 4183 1077 4237 disces
1091 4187 1142 4234 AV
1155 4182 1233 4236 Fris.

87 4271 197 4328 Plani:
225 4273 350 4327 discisa
379 4272 479 4327 didicit
499 4274 566 4329 Par.
593 4278 597 4343 1
623 4290 722 4329 cauere
740 4277 820 4329 tuom
837 4275 949 4343 scripsi:
969 4288 1067 4326 cauere
1087 4276 1136 4327 tuo
1156 4272 1232 4327 Fris.

85 4378 185 4416 cauere
208 4363 273 4418 tuos
295 4365 335 4416 sic
356 4369 377 4414 F
401 4378 500 4416 cauere
526 4381 606 4416 suum
631 4363 699 4418 Par.
720 4380 814 4418 carere
837 4366 886 4417 tuo
911 4368 929 4414 0
953 4377 1053 4416 cauere
1080 4363 1161 4415 tuum
1190 4361 1234 4432 ς11

85 4456 129 4519 45,
148 4452 263 4506 460110.
285 4451 352 4508 Par.
373 4453 435 4522 1145
454 4450 566 4506 Nenos
585 4450 728 4520 decipiant
748 4451 817 4505 Par.
834 4453 838 4520 1
853 4449 987 4505 bracchia
1005 4455 1028 4501 Δ

983 4539 1020 4592 5*
