2858 4994
573 302 860 360 PROLEGOMENA.
1195 304 1288 358 XXIII

140 469 285 531 amatore
315 470 447 551 questus
477 471 527 531 est
555 468 708 552 cuiusque
736 468 879 532 studium
907 488 1015 533 omne.
1031 466 1120 532 omni
1143 469 1289 551 ternpore

140 573 174 636 id
197 572 261 636 fuit
283 576 320 636 ut
337 574 478 657 puellam
503 574 542 637 ad
561 573 658 637 fidem
682 574 875 639 seruandam
899 576 1128 659 commoneret,
1153 573 1289 639 eundem

139 680 206 743 iam
231 679 395 743 credemus
418 679 504 744 ultro
524 680 652 744 lenonis
676 702 808 764 operam
827 684 993 765 praestare
1012 680 1096 745 uelle
1115 680 1288 763 furtimque

141 787 183 852 ad
207 788 350 852 occultos
375 787 510 871 amicos,
539 788 573 852 id
596 791 647 853 est
669 787 710 852 ad
733 786 910 868 amatores,
942 788 1096 854 feminam
1121 809 1212 853 suam
1236 787 1290 852 de-

140 894 336 960 ducturum?
359 916 426 959 non
443 898 565 959 norunt
581 893 689 959 hercle
708 895 873 960 Tibullum
893 895 948 979 qui
966 895 1049 960 talia
1068 877 1289 979 comprobant.

139 1022 246 1085 neque
274 1002 373 1065 uerba
401 1002 460 1065 illa
486 1001 521 1065 in
544 1005 649 1066 totum
674 1003 835 1087 quadrant
858 1003 979 1087 locum,
1013 996 1075 1086 quo
1098 1007 1196 1087 poeta
1223 1024 1289 1066 non

141 1109 238 1173 aliter
260 1131 357 1192 quam
380 1111 520 1191 patrono
544 1109 694 1173 clientem
718 1109 830 1174 Deliae
858 1131 892 1173 se
916 1109 1111 1174 seruiturum
1135 1111 1289 1194 uariaque

139 1238 199 1299 per
230 1216 395 1300 publicum
427 1215 588 1280 incedenti
622 1216 729 1280 officia
760 1216 993 1299 praestiturum
1024 1194 1188 1300 proririttit
1222 1214 1289 1301 (uu,

140 1322 297 1409 (tr-64).
336 1323 414 1408 iam,
438 1323 598 1408 quomodo
621 1323 760 1388 ministri
784 1346 916 1388 munere
939 1325 1109 1388 functurus
1134 1324 1178 1388 sit
1200 1328 1289 1408 post·

139 1451 237 1513 quarn
262 1450 325 1512 quo
347 1429 396 1493 illi
419 1428 481 1495 iter
500 1431 569 1494 erat
592 1428 647 1515 (ad
666 1428 852 1515 ‘aurificem
876 1430 916 1495 ad
935 1433 1073 1494 matrem
1096 1433 1153 1494 aut
1172 1451 1289 1514 cogna-

139 1539 223 1620 tam,
257 1536 298 1600 ad
326 1534 475 1600 amicam'
504 1534 579 1622 ect.)
611 1540 803 1620 peruentum
835 1540 898 1621 est,
938 1536 1072 1601 Tibullo
1103 1559 1155 1602 uu.
1184 1536 1227 1602 65
1257 1540 1290 1601 et

140 1643 184 1706 cc
209 1643 432 1727 exponendum
456 1647 513 1708 aa.
552 1667 627 1709 rara
649 1644 751 1729 igilur
773 1644 928 1709 felicitate
951 1626 1009 1708 na
1028 1640 1140 1708 uarum
1163 1642 1290 1723 uiditg

140 1746 303 1813 ‘amictus'
326 1750 528 1834 reponend03
560 1751 593 1814 id
623 1751 708 1834 quod
735 1751 770 1815 in
797 1751 964 1816 nonnullis
991 1767 1011 1818 ς
1037 1752 1203 1833 receptum
1232 1752 1290 1813 est.
1345 1758 1347 1762 ‘

140 1856 285 1920 nondum
304 1859 415 1920 tamen
432 1878 546 1921 uersus
564 1860 760 1940 personatus
779 1859 843 1942 est,
867 1880 940 1922 cunr
964 1879 1020 1922 cur
1039 1855 1174 1920 ‘furtim'
1193 1859 1291 1941 poeta

142 1962 282 2026 amiotus
315 1962 507 2028 deducturus
540 1964 585 2029 sit
620 1961 698 2048 (qua
730 1986 803 2029 cum
835 1964 998 2029 locutione
1034 1962 1073 2027 ef.
1106 1962 1289 2027 simillimae

141 2069 296 2134 ‘tunicam
324 2067 490 2134 deducere’
520 2070 605 2153 apud
633 2068 785 2134 Ouidium
816 2067 1063 2152 [am.17,47]
1093 2072 1126 2132 et
1154 2067 1290 2133 ‘uestem

140 2174 307 2241 deducere'
332 2177 417 2261 apud
441 2174 580 2240 Statium
605 2175 698 2256 [Aah.
720 2174 736 2239 I
761 2173 860 2261 34η)
884 2196 981 2239 curue
1006 2172 1147 2240 ‘occulti'
1170 2174 1219 2239 illi
1243 2174 1288 2238 di·

141 2287 256 2346 cantur
278 2282 468 2367 neutiquam
491 2283 714 2366 perspiciatur.
759 2283 846 2367 lege:

276 2442 402 2525 Pauper
426 2442 550 2507 adhoc
574 2443 696 2508 cinctos
720 2443 839 2526 raptim
863 2441 999 2506 deducet
1021 2442 1159 2507 amictus'

141 2625 219 2668 nam
243 2603 322 2667 illud
346 2601 399 2666 ‘ad
417 2601 489 2666 hoc’
514 2602 620 2695 (quod
632 2604 721 2668 ualet
744 2601 936 2687 praeterea,
959 2601 1118 2686 insuper')
1143 2602 1288 2686 apprime

141 2711 205 2774 huc
231 2710 394 2794 conuenIt,
419 2733 490 2774 cum
515 2732 534 2773 a
556 2711 734 2774 minoribus
758 2710 799 2774 ad
821 2711 945 2775 maiora
969 2709 1077 2774 officia
1094 2712 1289 2774 transeatur.

143 2837 182 2879 ex
204 2837 308 2899 paruo
333 2819 440 2881 autem
464 2817 558 2882 initio
582 2817 697 2902 ingens
720 2816 777 2880 illa
800 2816 1010 2900 interpolatio
1035 2819 1107 2881 orta
1130 2819 1187 2880 est.
1223 2815 1288 2900 pri·

143 2921 242 2985 mitus
267 2923 353 2987 enim
376 2923 440 3007 leni
463 2923 544 2988 uitio
569 2924 725 3008 scriptum
749 2927 819 2987 erat
842 2921 894 2986 ‘ad
918 2920 1088 3005 occultos'3
1110 2921 1187 2985 hinc
1210 2921 1288 2987 saio-

142 3029 193 3093 lus
217 3030 279 3093 iste
302 3031 375 3095 aeui
398 3028 610 3114 Carolingici‚
639 3051 712 3094 cum
734 3029 926 3113 praesertim
950 3031 1074 3094 certum
1096 3028 1168 3092 uiae
1191 3027 1288 3092 finem

142 3134 319 3200 desiderari
350 3139 492 3221 putaret,
528 3136 650 3200 urendo
684 3136 885 3219 secundoque
920 3135 1061 3200 mutauit
1093 3139 1212 3219 cetera,
1249 3135 1288 3198 de

143 3244 322 3308 sententiae
354 3266 449 3327 quam
482 3243 626 3307 restituit
656 3242 868 3327 peruersitate
901 3263 1041 3306 securus.
1091 3244 1288 3326 quantopere

143 3354 252 3415 autem
276 3354 493 3416 commentum
517 3373 615 3434 supra
637 3351 800 3434 prolatum
823 3352 967 3434 praestet
987 3349 1123 3412 aliorum
1145 3347 1287 3412 inuentis

143 3455 256 3543 (Statii
288 3456 333 3522 ‘et
363 3460 507 3523 excultos
538 3457 651 3535 furtim
681 3457 816 3522 deducet
846 3454 995 3520 amictus'
1029 3459 1062 3520 et
1090 3454 1214 3538 Heynii
1244 3454 1289 3520 ‘et

144 3586 295 3628 excussos
327 3564 349 3629 f.
380 3564 509 3629 deducit
538 3562 717 3650 amictus'),
753 3585 821 3627 non
851 3567 900 3627 est
929 3562 1015 3647 quod
1041 3561 1189 3646 pluribus
1217 3583 1288 3646 per·

143 3692 268 3754 sequar.

233 3779 347 3862 Itaque
369 3778 405 3842 in
425 3778 545 3842 Tibulli
569 3777 792 3842 emendatione
815 3798 882 3841 non
904 3777 1006 3841 nimia
1029 3798 1102 3840 cum
1126 3776 1288 3841 anxietate

142 3886 355 3951 insistendum
383 3886 434 3949 est
460 3884 590 3970 litteris,
622 3884 678 3948 sed
707 3884 879 3949 audaciora
905 3883 1067 3947 interdum
1095 3886 1173 3947 s'unt
1199 3882 1288 3947 adhi-

142 3992 250 4058 benda
272 3991 421 4056 remedia.
466 3992 551 4076 quod
573 4013 640 4056 non
662 3991 710 4055 ita
732 3991 831 4055 uelim
854 3994 1035 4075 acceptum,
1059 3990 1151 4076 quasi
1173 3990 1288 4054 ultima

143 4120 215 4164 cum
252 4099 434 4163 temeritate
470 4097 696 4183 progrediendi
733 4120 924 4181 summaque
958 4096 1098 4162 faciendi
1134 4096 1201 4160 ima
1236 4098 1287 4161 ius

142 4208 401 4289 potestatemque
427 4205 523 4269 nobis
550 4205 620 4268 dari
648 4205 847 4269 existumem.
893 4205 958 4268 scio
987 4205 1073 4268 eninr
1101 4203 1287 4267 etiamnunc

142 4333 211 4376 non
233 4334 352 4395 paucos
376 4334 446 4376 esse
470 4313 595 4397 doctos,
625 4312 681 4396 qui
704 4311 739 4375 in
761 4310 927 4376 nonnullis
951 4309 1063 4394 elegiis
1086 4309 1132 4372 nil
1155 4309 1218 4373 nisi
1240 4309 1287 4374 la-

144 4439 218 4483 cera
242 4417 438 4504 disiectaque
462 4419 644 4504 fragmenta
672 4439 839 4503 superesse
866 4418 1044 4482 autument.
1089 4415 1190 4480 ueluti
1211 4415 1287 4480 libri
