2858 4994
557 272 704 327 TIBULLI
723 273 791 327 LIB.
810 274 830 328 Ι.
852 280 874 327 1.

161 449 195 496 37
233 431 368 516 Adsitis,
391 434 467 518 diui,
490 455 553 499 neu
576 457 635 499 uos
660 457 676 498 e
700 457 842 519 paupere
861 458 991 529 mensa·

279 538 373 603 Dona
395 563 454 606 nec
478 564 494 605 0
517 526 608 626 puris
633 542 775 624 spernite
798 523 978 606 fictilibus.¹

232 645 361 710 Fictilia
385 648 537 731 antiquus
560 648 701 732 primum
726 647 788 711 sibi
811 647 889 711 feeit
913 649 1049 731 agrestis

159 769 195 815 40
277 752 397 815 Pocula
421 752 459 817 de
482 754 572 819 facili
596 755 841 837 composuitque
864 755 942 819 luto.
986 772 994 778 ·

232 858 307 923 Non
332 880 392 943 ego
417 858 547 923 diuitias
570 862 699 942 patrum
718 859 882 925 fructusue
906 864 1045 948 requiro,

277 965 364 1040 Quos
388 965 465 1029 tulit
489 967 622 1049 antiquo
647 967 777 1030 condita
799 968 914 1032 messis
939 991 1016 1033 auo:

231 1070 337 1134 Perua
361 1060 452 1155 seges
477 1071 557 1135 satis
582 1075 639 1149 est,
663 1072 743 1136 satis
767 1077 817 1136 cst
839 1075 1039 1158 requiescere
1063 1077 1156 1160 lecto,

277 1176 421 1295 {plicet
444 1181 476 1242 et
499 1179 595 1243 solito
619 1179 765 1243 membra
788 1181 896 1244 leuare
919 1184 1001 1247 toro.

158 1301 192 1346 45
232 1273 346 1359 Quam
355 1266 449 1350 iuuat
472 1285 612 1349 immites
636 1289 751 1350 uentos
776 1286 886 1351 audire
910 1289 1083 1352 cubantem

274 1390 320 1453 Et
344 1390 509 1455 dominam
532 1395 642 1456 tenero
667 1395 736 1456 tum
760 1393 902 1456 tenuisse
926 1393 1013 1478 sinu,

232 1497 307 1574 Aut,
331 1496 455 1580 gelidas
478 1496 634 1560 hibernus
659 1519 758 1580 aquas
783 1519 855 1561 cum
877 1498 999 1564 fuderit
1022 1505 1140 1584 auster,

278 1601 432 1691 Securum
457 1623 587 1666 somnos
611 1602 716 1666 imbre
739 1604 869 1668 iuuante
894 1606 997 1688 sequi!

229 1711 302 1774 Hoc
325 1709 407 1773 mihi
431 1700 619 1792 contingat:
644 1710 688 1774 sit
711 1707 799 1773 diues
823 1709 901 1795 iure,
924 1699 1065 1777 fuiorem

158 1835 192 1882 50
276 1817 337 1892 Qui
361 1816 460 1879 maris
485 1819 518 1880 et
540 1816 650 1880 tristes
675 1816 758 1880 ferre
776 1820 886 1900 potest
908 1818 1046 1901 pluuias.

231 1923 257 1988 Ο
282 1925 438 2009 quantum
462 1926 512 1986 est
535 1922 604 1986 auri
627 1925 739 2006 pereat
762 1927 959 2006 pereantque
983 1906 1154 2012 smaragdi,

275 2030 379 2105 Quam
402 2029 479 2093 fleat
502 2030 544 2093 ob
568 2032 696 2093 nostras
715 2028 783 2094 ulla
805 2029 915 2113 puella
938 2032 1019 2096 uias.
1061 2052 1075 2067 ’·

232 2136 277 2199 Te
301 2136 422 2199 bellare
446 2135 537 2199 decet
560 2139 656 2219 terra,
680 2132 829 2227 Messala,
852 2136 1005 2221 marique,

247 2302 251 2308 .
275 2220 458 2307 Ut'iloinus
481 2241 618 2305 hostiles
642 2223 813 2324 praeferat*
830 2241 976 2307 exuuias:

158 2365 192 2413 55
230 2347 282 2412 Me
306 2349 449 2412 retinent
472 2349 619 2413 uinctum
641 2347 805 2413 formosae
830 2349 937 2432 uincla
959 2352 1095 2435 puellae,

273 2454 319 2518 Et
341 2455 436 2518 sedeo
461 2453 556 2518 duras
581 2454 703 2517 ianitor
727 2458 802 2518 ante
826 2453 921 2519 fores.

228 2560 304 2626 Non
324 2581 384 2647 ego
408 2560 533 2624 laudari
553 2582 639 2644 curo,
662 2582 735 2624 mea
757 2559 865 2625 Delia:
889 2564 996 2625 tecum

273 2667 360 2731 Dum
383 2668 478 2733 modo
503 2668 578 2753 sim,
602 2689 721 2751 quaeso
746 2668 853 2751 segnis
876 2668 1025 2754 inersque
1049 2692 1156 2737 uocer.

228 2775 272 2838 Te
297 2777 446 2858 spectem,
472 2797 623 2858 suprema
646 2774 727 2838 mihi
751 2796 823 2838 oum
847 2777 973 2841 uenerit
995 2777 1086 2860 hora,

210 2966 277 3020 Vm.
298 2987 371 3022 incr.
409 2972 513 3020 37-51
534 2967 633 3021 babent
652 2967 720 3020 Par.
737 2971 847 3035 praeter
865 2972 909 3036 45,
930 2969 1153 3037 4611370001οὴ
1172 2971 1232 3025 diui
1251 2976 1283 3026 0:

138 3055 196 3108 Uos
219 3070 330 3122 quoque
349 3053 447 3108 adeste
465 3054 512 3108 dei
527 3054 595 3108 Par.
613 3056 617 3123 Ι
632 3071 687 3108 neu
707 3059 738 3108 0:
757 3071 810 3109 nec
830 3055 898 3109 Par.
918 3059 1027 3125 ς100
1047 3057 1115 3111 Per.
1136 3061 1168 3127 (V
1186 3075 1220 3113 m.
1240 3062 1282 3128 2):

139 3145 168 3197 et
185 3147 236 3194 AV
253 3150 322 3198 001
348 3145 357 3212 11
380 3149 413 3196 41
433 3143 576 3198 fructusue
595 3148 616 3194 0
636 3144 718 3198 Pan:
744 3144 906 3214 fructusque
929 3150 979 3197 AV
1003 3148 1012 3215 11
1034 3151 1068 3200 43
1095 3147 1184 3202 Parua
1203 3165 1284 3218 seges

138 3232 207 3286 satis
226 3234 269 3286 est
287 3231 356 3296 satio
377 3234 419 3286 est
436 3234 493 3300 req‘.
512 3237 571 3298 Δο,
590 3237 620 3286 V.
640 3249 674 3286 n.
691 3238 720 3286 2:
739 3232 831 3286 Parca
850 3249 929 3303 seges
948 3234 1015 3288 satis
1035 3236 1078 3289 est
1095 3252 1152 3305 req.
1172 3241 1195 3287 V
1213 3254 1247 3292 rn.
1269 3244 1282 3290 1

138 3337 210 3375 nrero
228 3337 326 3391 errore,
345 3323 417 3376 nnete
431 3323 542 3376 uidetur
560 3327 621 3376 orta
635 3323 666 3376 in
680 3337 697 3379 ς
711 3323 898 3391 interpolatio,
917 3341 999 3392 qnam
1012 3328 1038 3377 et
1052 3341 1070 3388 g
1084 3325 1177 3391 offert:
1192 3325 1284 3380 Perua

139 3410 207 3465 satis
226 3425 323 3464 mensa
339 3411 384 3464 est
407 3408 475 3464 satis
495 3411 538 3464 est
563 3426 620 3478 req.
641 3439 673 3449 ⁶-
693 3410 786 3464 Parua
809 3427 889 3480 seges
913 3411 981 3466 satie
1002 3413 1044 3466 000
1061 3429 1116 3466 uno
1134 3428 1191 3481 req.
1212 3413 1281 3469 Par.

140 3500 232 3571 100000
248 3514 273 3566 ς,
287 3499 437 3553 Fraten'ne
450 3501 459 3568 11
473 3504 507 3552 44
523 3497 554 3552 Si
566 3498 635 3554 11000
648 3514 676 3556 ςι
693 3497 807 3553 Scilicet
821 3503 839 3550 0
856 3499 938 3565 Pesr.;
953 3505 1012 3554 erat
1026 3517 1086 3555 cnn
1100 3502 1246 3556 coniceren
1259 3502 1284 3556 si

138 3623 209 3678 libet
224 3625 229 3692 1
245 3621 329 3676 solito
349 3626 381 3690 0,
401 3622 470 3676 Par.
489 3640 519 3674 n:
541 3589 611 3675 solii>
628 3621 726 3686 Panp
743 3622 747 3690 1
763 3622 825 3676 toro
840 3626 873 3676 G:
892 3622 975 3677 thoro
989 3628 1040 3675 AV
1057 3625 1124 3680 Per.
1139 3627 1148 3694 11
1163 3630 1282 3679 451100-

138 3729 186 3766 nes
204 3713 304 3765 uentos
328 3715 363 3779 0,
387 3711 513 3776 imitisg
536 3711 545 3778 11
568 3716 602 3763 46
626 3713 687 3764 tum
706 3711 830 3766 tenuisse
852 3712 965 3782 scripsi:
986 3712 1155 3768 continuisse
1175 3718 1193 3765 0
1213 3714 1283 3768 deti-

137 3799 231 3853 nuisse
246 3801 333 3869 ς1147
348 3799 386 3853 nt
400 3799 468 3854 Par,
483 3801 540 3868 1148
554 3799 644 3854 imbre
660 3805 682 3852 0
697 3801 779 3856 Pan:
799 3801 865 3870 igne
879 3803 925 3852 AV
941 3804 945 3870 1
961 3800 1084 3870 iuuante,
1099 3807 1284 3870 unnenscare

138 3890 235 3943 idoneo
253 3904 368 3957 cassam,
386 3889 551 3943 nntanen'n
570 3889 601 3942 in
620 3890 736 3942 sonante
755 3890 800 3957 (cf.
820 3890 833 3942 I
851 3896 876 3958 2,
891 3892 949 3959 80),
969 3893 1170 3946 commendante
1183 3892 1282 3946 0110000-

137 3979 245 4031 rate'one
257 3978 267 4046 11
281 3982 315 4030 49
330 3975 368 4031 010
381 3981 403 4028 0
418 3978 500 4032 Pan:
520 3977 543 4030 si
556 3981 607 4028 AV
623 3974 627 4044 1
642 3976 703 4031 iure
718 3981 749 4031 0:
768 3994 832 4032 rure
847 3979 916 4033 Par.
935 3979 1006 4034 inire
1021 3995 1037 4038 ς
1055 3979 1127 4034 ferre
1142 3979 1280 4034 Frenete-

138 4068 203 4120 nine
222 4068 232 4135 11
253 4072 287 4120 50
306 4067 336 4120 00
354 4064 408 4119 0011
427 4066 524 4120 nubila
542 4066 614 4120 ferre
632 4068 727 4136 potest
745 4067 813 4120 Par.
835 4068 839 4136 1
856 4084 910 4136 pro
928 4069 1040 4137 pluuias
1063 4070 1127 4123 Nic.
1147 4069 1282 4122 Heinsius

138 4155 251 4224 Hyadas
270 4155 396 4222 melnen
415 4158 446 4206 51
471 4155 569 4222 pereat
591 4155 761 4223 pereantque
785 4155 840 4222 (nel
862 4158 1025 4225 pereatque)
1048 4157 1160 4224 scripsi:
1184 4157 1283 4225 pereat

138 4279 287 4348 potiusque
310 4282 329 4329 0
352 4277 446 4347 potius
468 4280 620 4348 pereatque
640 4281 680 4349 ς11
699 4285 733 4332 54
752 4246 847 4334 iistiles
866 4285 900 4334 G:
924 4280 1009 4334 exiles
1027 4285 1078 4332 AV
1102 4279 1156 4348 (bie
1179 4279 1211 4333 in
1228 4294 1280 4348 nep.

138 4419 172 4458 en.
193 4407 208 4456 2
228 4401 335 4471 ostiles)
359 4365 502 4472 {bieiferet
520 4404 564 4471 011
582 4407 616 4456 59
636 4404 675 4456 Το
695 4418 723 4461 s:
743 4403 780 4458 nt
797 4410 816 4457 0
