2858 4994
136 185 178 248 ’10
514 175 889 234 PSEUDOTIBULLIANA.

145 367 179 414 30
217 347 285 413 Nec
309 345 436 431 quaeris
460 340 537 427 quid
561 363 687 427 quaque
710 338 806 404 index
831 338 891 403 sub
914 337 1056 421 imagine
1081 335 1183 419 dicat,

214 452 277 519 Sed
301 451 427 536 generis
450 450 573 534 priscos
599 446 767 512 contendis
791 446 918 510 uincere
940 444 1094 526 honores,
1111 448 1120 489 -’

214 561 318 638 Quam
340 558 401 622 tibi
424 557 562 621 maiores
586 554 690 619 maius
714 552 810 619 decus
833 554 903 636 ipse
925 552 1063 635 futuris3

216 668 265 732 Ac
288 670 345 730 tua
368 687 434 729 non
456 663 571 727 titulus
596 662 701 745 capiet
724 660 783 725 sub
808 661 937 750 nomine
960 659 1056 740 facta,

215 773 357 839 Aetemo
382 770 438 836 sed
461 772 556 834 erunt
579 768 640 832 tibi
663 789 783 853 magna
805 768 973 832 uolumina
996 787 1104 848 uersu,

146 902 179 950 35
218 881 483 962 Conuenientque
505 881 578 941 tuas
603 876 711 960 cupidi
735 898 925 960 componere
949 877 1060 944 laudes

215 989 364 1074 Undique
389 987 506 1070 quique
530 986 646 1049 canent
669 984 781 1049 uincto·
803 984 883 1067 pede
907 985 1024 1070 quique
1049 990 1176 1053 soluto:

217 1096 295 1174 Quis
319 1094 436 1179 potius,
462 1096 624 1157 certamen
649 1092 719 1156 erit.
748 1091 809 1155 sim
832 1092 937 1156 uictor
961 1094 994 1156 in
1017 1094 1093 1177 illis,

217 1204 264 1269 Ut
286 1201 560 1266 nostrumtantis
584 1199 760 1263 inscribam
783 1221 902 1263 nomen
924 1200 958 1263 in
984 1201 1075 1266 actis.

216 1309 301 1373 Nam
325 1309 396 1392 quis
419 1311 451 1371 te
476 1307 600 1370 maiora
623 1306 707 1391 gerit
732 1306 887 1370 castrisue
911 1306 1050 1371 foroue?

146 1434 180 1481 40
218 1417 286 1481 Nec
308 1420 417 1480 tamen
440 1415 493 1478 hic
517 1416 572 1478 aut
595 1413 647 1481 hic
670 1412 734 1476 tibi
757 1412 828 1476 laus
851 1409 994 1477 maioru'e
1018 1415 1182 1498 minorue,

219 1523 311 1587 lusta
333 1523 403 1606 pari
427 1521 582 1605 premitur
605 1521 707 1584 ueluti
731 1542 803 1584 cum
827 1520 968 1603 pondere
987 1521 1082 1606 libra,

216 1629 325 1694 Prona
347 1651 406 1693 neo
429 1629 490 1693 hac
513 1629 586 1713 plus
610 1632 702 1712 parte
727 1628 816 1692 sedet
838 1650 897 1692 nec
921 1629 1027 1713 surgit
1050 1630 1091 1693 ab
1115 1630 1187 1714 illa,

123 1776 127 1781 ·
218 1737 339 1822 Qualis,
362 1738 572 1821 inaequatum
595 1736 622 1800 si
646 1734 775 1820 quando
799 1758 880 1800 onus
904 1739 999 1820 urget
1022 1736 1200 1823 utrimque,

218 1843 385 1908 instabilis
409 1846 502 1908 natat
525 1844 651 1906 alterno
677 1842 860 1926 depressior
883 1843 968 1906 orbe.

148 1967 182 2015 15
220 1949 305 2015 Nam
329 1973 386 2014 seu
410 1949 529 2014 diuersi
552 1948 671 2012 fremat
693 1947 915 2012 inconstantia
937 1948 1038 2033 uulgi,

219 2057 294 2122 Non
319 2057 402 2122 alius
427 2057 539 2121 sedare
564 2059 676 2140 queat,
701 2077 756 2120 seu
780 2055 894 2120 iudicis
919 2055 968 2118 ira

222 2162 272 2229 Sit
295 2162 464 2248 placanda,
487 2164 552 2227 tuis
575 2163 696 2247 poterit
718 2162 893 2226 mitescere
912 2163 1028 2227 uerbis.

219 2270 296 2335 Non
318 2270 417 2354 Pylos
442 2274 498 2333 aut
520 2270 630 2334 Ithace
653 2260 763 2333 tantos
788 2270 937 2355 genuisse
957 2271 1105 2336 feruntur

161 2432 173 2457 Ι
219 2376 360 2442 Nestora
384 2378 436 2442 nel
459 2398 579 2461 paruae
605 2396 760 2461 magnum
784 2377 880 2442 decus
904 2379 992 2442 urbis
1017 2377 1158 2465 Ulixem,

150 2501 183 2548 50
221 2484 350 2550 Uixerit
372 2485 426 2549 ille
452 2506 551 2549 senex
575 2485 732 2569 quamuis,
756 2484 830 2547 dum
854 2488 950 2549 terna
973 2508 1030 2569 per
1054 2487 1177 2551 orbem'

223 2592 357 2657 Saecula
381 2592 543 2656 fertilibus
568 2591 666 2655 Titan
691 2591 871 2655 decurreret
894 2592 993 2674 horis,

220 2699 279 2763 Ille
304 2721 361 2782 per
379 2701 509 2784 ignotas
533 2698 637 2762 audax
662 2699 818 2762 errauerit
841 2700 948 2782 urbes,

222 2806 291 2881 Qua
315 2806 414 2870 maris
439 2804 592 2869 extremis
615 2805 712 2868 tellus
735 2805 911 2869 includitur
934 2805 1038 2872 undis.

223 2910 309 2975 Nam
334 2909 553 2997 Ciconumque
576 2935 690 2976 manus
714 2913 860 2977 aduersis
883 2913 1026 2996 reppulit
1049 2915 1158 2998 armis,

153 3035 186 3082 55
224 3017 292 3083 Nec
315 3019 418 3083 ualuit
441 3021 525 3084 lotos
549 3022 681 3104 coeptos
706 3023 850 3084 auertere
874 3042 995 3105 cursus,

203 3248 272 3301 Vra.
292 3267 366 3300 nucu.
396 3254 430 3302 30
445 3246 513 3315 quid
527 3264 636 3315 quaque
652 3248 734 3301 index
749 3254 782 3301 F:
801 3248 870 3316 quid
884 3266 940 3317 qua
953 3247 1035 3302 iudex
1050 3252 1150 3319 01131,
1165 3256 1198 3304 32
1222 3252 1288 3306 hab.

135 3338 273 3407 11101131
294 3335 412 3390 Uinoere
432 3336 480 3389 sed
499 3336 605 3405 priseos
623 3353 686 3406 gen.
707 3340 779 3391 cont.
800 3339 1022 3406 11011.Ραν.133
1041 3338 1143 3393 futuris
1163 3344 1182 3391 0
1205 3339 1289 3407 Pur,

136 3426 245 3480 Plana:
265 3425 375 3479 futurus
395 3425 481 3493 51133
496 3423 538 3477 Ac
556 3429 589 3478 G:
610 3425 647 3478 At
660 3428 712 3476 AV
728 3426 821 3481 Plont.
840 3429 843 3495 1
860 3429 1007 3482 stemmate
1022 3429 1093 3482 Itali
1106 3429 1116 3496 11
1130 3435 1164 3483 36
1180 3432 1289 3484 canunt

135 3530 151 3573 ς
172 3517 176 3585 1
196 3513 292 3568 iuncto
315 3518 338 3565 V
360 3515 369 3583 11
392 3520 426 3567 37
452 3511 545 3583 potius
564 3518 583 3565 0
606 3509 716 3567 Plana:
742 3515 836 3584 potior
854 3531 871 3573 ς
893 3518 903 3586 11
926 3519 1287 3572 30-471100011000010

136 3604 217 3657 Pan:
237 3607 280 3671 45,
299 3609 342 3671 46,
357 3609 404 3669 41;
425 3603 602 3671 39-441130
617 3602 691 3657 Nam
705 3603 766 3672 quis
780 3606 809 3658 te
823 3611 856 3658 F:
874 3605 948 3660 Nam
967 3606 1070 3676 quique
1089 3605 1143 3660 tibi
1156 3611 1203 3659 AV
1222 3608 1284 3663 Neo

135 3692 284 3761 quisquam
303 3697 324 3743 0
346 3692 413 3746 Por.
427 3693 437 3760 1
452 3690 585 3746 castrisue
606 3693 673 3746 Par.
694 3708 711 3750 ς
726 3689 833 3748 Plana:
854 3694 938 3749 cartis
951 3712 986 3749 ne
1002 3697 1060 3765 (sic)
1076 3701 1126 3748 AV
1141 3696 1285 3751 chartisue

135 3784 228 3852 01140
248 3781 293 3835 hic
313 3780 426 3836 anthia
444 3779 498 3833 tibi
517 3785 564 3832 PG
583 3783 659 3850 (etV
677 3799 710 3837 111.
732 3785 771 3851 al:
796 3782 842 3836 hic
861 3787 911 3839 aut
928 3783 983 3839 tibi
1000 3789 1051 3836 AV
1069 3802 1102 3839 111.
1124 3790 1138 3839 1
1162 3785 1215 3839 hec
1236 3787 1286 3840 aut

134 3871 188 3926 heo
206 3870 260 3925 tibi
281 3870 349 3924 Par.
369 3870 434 3923 hinc
454 3871 503 3924 aut
521 3870 587 3923 hinc
606 3869 658 3924 tibi
678 3871 750 3924 Itali
767 3873 777 3939 11
795 3877 829 3924 43
850 3871 903 3925 Sed
923 3872 1013 3942 magis
1033 3873 1166 3940 aquatum
1187 3875 1257 3928 Par.
1279 3875 1282 3946 1

136 3962 232 4030 111111,ος
253 3958 454 4030 0146110110
474 3958 565 4028 magis
584 3959 681 4013 sedare
703 3959 770 4013 Par.
785 3961 795 4028 11
816 3966 849 4015 48
869 3961 969 4030 phylos
988 3965 1010 4012 V
1033 3963 1037 4030 1
1059 3960 1152 4016 ithace
1172 3962 1226 4031 (ith
1252 3981 1285 4018 eor

136 4050 217 4118 corr.)
237 4052 272 4102 dr
299 4048 380 4116 ytace
399 4051 451 4098 AV
474 4047 663 4117 1491111110111
682 4052 745 4102 AV:
774 4044 889 4102 ulissem
908 4051 945 4116 (ss
964 4067 997 4103 ca
1016 4053 1095 4119 corr.)
1115 4055 1136 4102 0
1155 4051 1285 4120 Ulyssem

138 4138 235 4192 Plant.
255 4138 316 4208 151
342 4137 423 4206 tytan
446 4140 496 4188 AV
516 4138 520 4206 1
542 4136 696 4191 decurrerit
717 4137 813 4192 Plorat.
832 4139 842 4207 11
861 4143 895 4191 54
914 4137 1018 4207 repulit
1035 4141 1155 4208 Δν155
1174 4139 1234 4194 Nec
1255 4158 1284 4200 5:

136 4225 203 4279 Non
222 4232 240 4278 0
264 4226 358 4279 Plont
376 4226 380 4294 1
397 4225 491 4281 lothos
515 4233 548 4280 1³:
573 4226 676 4296 ciclops
695 4230 745 4278 AV
765 4227 878 4296 cyclops
896 4228 938 4297 01
955 4229 1069 4296 coeptos
1092 4243 1120 4285 s:
1146 4231 1245 4298 captos
1264 4236 1286 4284 F

137 4315 247 4386 tempus
267 4320 285 4366 0
301 4315 307 4387 1
323 4317 449 4374 auertere
469 4331 485 4377 ς
506 4316 615 4372 Planta
634 4317 796 4372 conuertere
816 4320 866 4368 GV
883 4317 1034 4374 ueneror
