2858 4994
568 253 856 308 PROLEGOMENA.
1233 254 1286 310 VII

139 440 179 481 ex
202 418 253 482 his
275 417 355 483 locis
379 418 517 482 alterum
542 419 693 501 excerpta
715 416 864 481 Parisina
888 437 1083 502 quamquam
1106 416 1201 482 aliter
1222 416 1286 482 for-

139 528 262 588 matum
287 524 457 609 praebent,
488 525 627 608 priorem
652 526 760 588 autem
784 545 842 588 nec
866 525 1017 606 excerpta
1038 522 1095 588 illa
1117 545 1177 589 nec
1199 523 1285 588 ullus

140 632 279 715 scriptor
303 631 456 714 antiquus
485 629 641 696 adferunt
686 629 796 714 itaque
820 627 874 692 hic
897 629 1006 692 saltim
1033 650 1072 692 ex
1096 628 1204 694 codice
1227 629 1286 694 ali·

140 758 203 819 quo
233 737 420 802 Tibulliano
452 737 580 821 integro
608 737 817 820 depromptus
846 739 904 799 est.
956 735 1039 800 nihil
1069 757 1146 822 ergo
1177 736 1287 801 obstat

139 844 311 927 quominus
339 845 437 908 talem
461 843 611 909 Veronae
640 845 717 909 olim
745 843 892 907 extitisse
920 864 1019 927 eoque
1046 846 1079 907 et
1101 843 1287 930 Pastrengi·

139 973 213 1015 curn
236 955 269 1015 et
291 952 456 1016 auctorem
479 950 595 1016 florum
619 973 696 1016 usos
720 935 792 1014 esse
812 971 980 1033 ponamus.
997 988 1037 997 —
1058 951 1173 1034 quibus
1194 971 1285 1034 prae·

139 1055 246 1120 missis
276 1079 362 1121 nunc
393 1057 433 1120 ad
457 1058 583 1123 codices
606 1056 809 1121 Tibullianos
837 1055 934 1120 hodie
957 1055 1053 1120 nobis
1077 1060 1284 1140 suppetentes

140 1161 364 1229 describendos
388 1167 601 1229 transeamus.

228 1270 270 1353 A,
294 1270 394 1336 codex
417 1269 654 1335 Ambrosianus
678 1269 715 1335 R.
740 1270 781 1333 26
802 1291 880 1352 sup,
903 1267 1181 1350 membranaceus,
1205 1290 1286 1334 saec.

138 1375 217 1440 XIV
254 1377 288 1440 in
325 1377 485 1460 scriptura
517 1375 658 1442 Gothica
695 1378 858 1458 exaratus,
894 1375 1019 1439 formae
1052 1376 1285 1460 quaternarias,

140 1483 245 1547 solum
276 1482 377 1549 habet
407 1484 574 1549 Tibullum·
600 1483 643 1548 48
673 1483 761 1565 foliis
792 1483 834 1547 22
864 1481 932 1546 fere
961 1481 1133 1566 linearum,
1170 1483 1285 1549 ultimo

138 1594 249 1654 tamen
276 1612 388 1656 uacuo.
434 1591 573 1655 anobis
599 1591 740 1672 primum
769 1589 935 1654 adhibitus
963 1591 1021 1654 est.
1066 1588 1101 1652 in
1124 1589 1187 1652 fine
1209 1592 1286 1673 post

139 1695 263 1760 Tibulli
289 1697 393 1761 uitam
419 1696 555 1782 legitur:
592 1696 686 1760 liber
709 1694 827 1761 Octauii
847 1696 940 1778 pyeri
963 1692 1151 1760 Canceilarii
1175 1695 1285 1776 florea

139 1803 218 1866 tini:
254 1833 305 1881 ω,
342 1806 410 1867 tum
439 1803 503 1868 alio
532 1805 716 1866 atramento
747 1825 766 1867 a
794 1824 893 1867 manu
922 1801 1100 1867 recentiore
1130 1800 1286 1886 scriptum

140 1912 206 1973 est:
242 1911 336 1974 Liber
359 1909 466 1976 Cosme
488 1909 642 1974 Iohannis
664 1910 701 1973 de
722 1909 864 1973 Medicis.
901 1908 995 1972 Meae
1015 1903 1038 1972 ii
1062 1908 1229 1973 morentii
1249 1930 1287 1974 ac

138 2017 248 2081 Iouais
271 2016 359 2081 Petri
377 2016 542 2081 Fruacreci
563 2016 600 2080 da
617 2015 757 2080 Medicis.
791 2015 849 2079 ΝΟ.
867 2013 1001 2079 LVIII.
1038 2015 1162 2097 primus
1185 2017 1286 2101 igitur

139 2123 259 2187 codicis
288 2144 458 2207 possessor
488 2125 558 2186 erat
587 2121 674 2186 idern
701 2122 757 2186 ille
787 2120 933 2185 Colutius
964 2118 1142 2206 Salutatus,
1175 2123 1230 2206 qui
1258 2145 1285 2188 a.

142 2230 227 2294 1374
255 2229 461 2314 anquirendis
480 2226 606 2294 'Catulli
635 2232 667 2293 et
692 2228 854 2312 Propertii
881 2229 1117 2311 exemplaribus
1146 2228 1285 2294 studuit:

140 2336 179 2400 cf.
203 2335 271 2400 eius
294 2335 451 2419 epistulae
475 2333 509 2398 in
527 2332 677 2419 Prolegg.
697 2333 738 2397 ad
756 2331 872 2398 Catull.
895 2355 925 2417 p.
944 2333 975 2397 X
999 2356 1018 2398 a
1038 2356 1090 2398 me
1113 2333 1285 2400 exhibitae.

140 2443 256 2526 quibus
281 2440 429 2526 epistulis
458 2440 486 2505 si
510 2441 580 2525 quis
603 2441 665 2505 hoe
688 2440 877 2505 concludere
902 2440 996 2525 uelit,
1028 2440 1192 2505 Tibullum
1215 2443 1286 2507 tum

139 2549 294 2633 temporis
323 2549 388 2612 iam
411 2547 499 2612 illius
522 2546 739 2611 bibliothecae
766 2545 866 2610 fuisse
889 2547 1060 2628 insertum,
1091 2569 1156 2612 non
1179 2546 1285 2614 habeo

140 2655 225 2740 quod
249 2676 429 2739 opponam3
466 2657 551 2718 certe
575 2653 604 2718 si
628 2674 695 2718 non
716 2653 814 2736 paulo
838 2655 927 2737 ante,
960 2654 994 2717 at
1018 2652 1126 2717 saltim
1149 2654 1285 2719 eundem

140 2762 225 2826 circa
249 2784 276 2826 a.
303 2761 389 2826 1374
411 2761 440 2824 A
462 2763 559 2824 natus
583 2762 641 2824 est.
686 2759 739 2843 qui
763 2757 923 2842 scriptura
946 2760 1095 2823 exaratus
1118 2740 1231 2842 pulcra
1253 2764 1286 2824 et

141 2868 303 2951 aequabili
321 2866 491 2951 archetypi
508 2867 664 2932 lectiones
683 2865 880 2950 propagauit
898 2865 1036 2930 fideliter
1054 2886 1113 2930 nec
1132 2864 1200 2929 ulla
1217 2864 1284 2929 fere

139 2975 227 3039 facta
249 2972 443 3055 mutatione,
465 2972 530 3036 nisi
553 2971 639 3056 quod
661 2970 715 3034 hic
734 2970 802 3034 illio
820 2971 972 3036 librarius
995 2970 1112 3035 leniter
1129 2971 1286 3055 peccauit.

140 3102 255 3145 manus
285 3081 393 3144 autem
424 3078 597 3143 correctrix
626 3075 765 3161 quinque
796 3076 906 3140 saltim
933 3076 1095 3141 decenniis
1125 3077 1285 3142 recentior

139 3209 213 3252 raro
242 3186 275 3250 in
302 3184 489 3250 uniuersum
518 3187 662 3269 apparet.
711 3184 797 3248 huno
824 3182 943 3247 librum
971 3204 1080 3247 mense
1108 3182 1227 3248 Martio
1256 3206 1285 3250 a.

143 3295 238 3378 1876,
261 3316 333 3359 cum
352 3293 469 3357 iterum
487 3291 664 3357 Mediolani
687 3289 922 3374 commorabar,
944 3290 1013 3373 ipse
1033 3290 1170 3377 excussi,
1194 3291 1284 3356 locos

140 3401 315 3466 nonnullos
338 3402 454 3484 postea
472 3398 576 3464 denuo
600 3398 824 3462 examinarunt
842 3396 880 3462 G.
898 3396 1014 3463 Loewe
1039 3400 1072 3461 et
1089 3395 1127 3462 A.
1148 3394 1285 3483 Oeriani,

140 3508 338 3573 clarissimus
374 3504 593 3570 bibliothecae
625 3503 865 3568 Ambrosianus
901 3503 1091 3588 praefectus.
1131 3538 1168 3550 -
1206 3502 1283 3569 huic

139 3614 286 3679 bonitate
310 3634 505 3696 quamquam
528 3633 594 3676 non
617 3611 713 3695 plane
735 3633 809 3695 par,
831 3613 942 3675 tamen
965 3609 1149 3674 simillimus
1173 3614 1223 3674 est

229 3718 267 3804 V,
292 3720 392 3784 codex
414 3718 594 3784 Vaticanus
618 3718 719 3802 3270,
742 3717 945 3800 chartaceus,
967 3717 1092 3782 formae
1115 3715 1285 3801 maximae,

139 3827 195 3893 fol.
221 3826 336 3890 1-37
360 3825 540 3909 Tibullum,
570 3827 640 3889 tum
664 3822 772 3889 Ouidii
800 3824 838 3889 de
861 3823 1012 3889 remediis
1040 3822 1160 3888 amoris
1189 3844 1284 3906 opus·

140 3934 247 4000 culum
270 3932 453 4017 continens,
481 3933 609 3998 saeculo
634 3931 772 4015 scriptus
795 3931 874 3997 XIV
897 3934 1032 3996 exeunte
1055 3929 1284 4015 potiusquam

140 4041 271 4105 ineunte
294 4038 357 4103 XV
375 4039 515 4104 testibus
539 4037 576 4104 G.
598 4036 715 4103 Loewe
739 4041 773 4102 et
795 4037 834 4102 A.
857 4038 942 4102 Mau.
980 4039 1051 4101 erat
1074 4037 1164 4120 olim,
1186 4039 1223 4100 ut
1245 4058 1285 4101 ex

139 4147 269 4231 pagella
296 4146 439 4229 praefixa
466 4147 584 4225 elucet,
615 4143 722 4209 Fuluii
743 4142 871 4223 Ursini
911 4146 1105 4209 correctores
1133 4146 1284 4227 expertus

140 4255 190 4316 est
217 4251 335 4317 abhinc
356 4253 480 4331 uarios,
513 4274 650 4337 quorum
678 4273 792 4315 manus
820 4272 887 4316 non
915 4271 1042 4333 semper
1065 4249 1190 4314 dinosci
1211 4271 1285 4334 pos-

141 4360 227 4428 sunt.
263 4378 366 4442 neque
388 4358 489 4423 refert
511 4358 685 4423 dinoscere.
721 4378 816 4422 omne
839 4356 925 4421 enim
948 4355 1067 4422 codicis
1085 4356 1226 4440 pretium
1249 4357 1284 4420 in
