2858 4994
499 289 784 349 PROLEGOMENA.
1137 288 1217 346 XVII

68 457 127 521 AV
156 459 333 542 scripturas
366 459 484 522 multas
517 456 644 521 tradere
676 456 831 539 uidimus,
868 455 916 518 ita
947 453 1003 517 ille
1035 454 1069 517 in
1092 450 1216 518 'ceteris

69 586 195 648 quoque
223 566 383 648 poematis
411 564 629 648 principatum
659 563 794 646 optinet.
841 561 994 625 nimirum
1022 560 1050 624 is
1077 560 1161 623 unde
1188 561 1218 624 A

69 674 102 733 et
125 669 153 733 V
177 670 330 754 descripti
359 676 435 736 sunt
463 671 563 737 codex
591 673 739 757 uetustus
768 689 864 752 saepe
892 667 1016 732 librarii
1040 667 1216 750 interpola-

68 777 174 841 tiones
207 782 358 860 expertus
389 781 467 842 erat.
518 778 722 842 increbuerat
752 775 888 840 saeculis
921 775 1060 839 maxime
1089 773 1153 839 XII
1186 777 1218 837 et

68 882 149 947 XIII
180 882 232 969 (ut
253 890 373 950 norunt
401 886 456 970 qui
484 886 519 948 in
541 887 710 969 poetarum
739 883 917 947 latinorum
945 881 1073 964 scriptis
1103 880 1143 944 ad
1167 901 1217 945 co·

70 990 155 1054 dices
182 990 389 1055 emendandis
415 994 592 1075 posuerunt
616 987 763 1075 operam)
787 1011 858 1054 mos
881 989 951 1067 ille,
984 1008 1046 1071 quo
1071 988 1217 1072 supposi-

70 1097 113 1161 tis
138 1098 332 1181 synonymis
356 1101 412 1161 aut
435 1097 570 1163 totidem
596 1096 795 1181 syllabarum
819 1094 1024 1179 eiusdemque
1047 1116 1218 1159 mensurae

68 1206 236 1269 uocabulis
264 1209 433 1270 auctorum
465 1205 565 1268 uerba
593 1205 698 1288 magis
727 1202 768 1267 ad
796 1225 999 1267 communem
1026 1206 1096 1267 tum
1124 1203 1217 1267 intel-

67 1311 187 1375 lectum
216 1313 549 1376 adcommodabantur
577 1314 634 1375 aut
661 1310 759 1374 etiam
787 1332 877 1374 mera
904 1310 1052 1375 uariandi
1075 1309 1218 1374 lubidine

68 1418 323 1483 inmutabantur.
368 1419 444 1482 hinc
467 1418 483 1481 I
509 1419 541 1502 1,
566 1419 586 1481 2
609 1439 669 1500 pro
694 1416 818 1502 ‘iugera
841 1415 956 1481 multa'
980 1418 1014 1480 in
1036 1414 1095 1479 AV
1116 1415 1218 1479 habes

70 1524 147 1610 bug.
171 1524 302 1611 magna’
331 1529 364 1589 et
386 1524 464 1589 ibid.
488 1524 532 1589 54
555 1522 676 1587 ‘exiles’
704 1545 763 1606 pro
788 1521 960 1607 ‘hostiles'3
997 1521 1171 1605 11111112,
1198 1521 1218 1585 6

71 1654 131 1715 pro
152 1631 324 1708 ‘clauditur
345 1636 378 1697 et
396 1633 475 1697 dura
494 1632 591 1696 ianua
609 1630 693 1694 fulta
712 1628 795 1694 sera'
815 1627 915 1712 (quod
934 1632 967 1692 et
984 1651 1042 1713 per
1061 1651 1095 1694 se
1114 1629 1218 1693 multo

71 1740 217 1819 praestat
245 1743 278 1801 et
304 1737 453 1802 firmatur
481 1736 588 1801 Ouidii
618 1738 659 1816 [a.
683 1757 710 1799 a.
725 1732 765 1800 ,Π
789 1735 869 1813 244]
898 1734 1081 1800 imitatione
1110 1734 1218 1817 ‘atque

70 1843 132 1906 erit
164 1845 316 1927 opposita
348 1846 445 1910 ianua
475 1843 558 1907 fulta
592 1834 690 1926 sera')
722 1844 757 1905 in
784 1840 843 1904 AV
871 1841 977 1905 ieiune
1005 1840 1218 1925 languideque

72 1948 182 2013 ‘ianua
205 1950 298 2013 firma
321 1949 404 2014 sera'
428 1951 606 2034 repositum
630 1952 692 2032 est;
716 1948 794 2012 hino
816 1947 894 2012 ibid.
918 1948 960 2012 21
981 1946 1050 2012 ‘illa
1072 1948 1143 2013 uiro
1167 1970 1219 2013 co·

70 2078 142 2119 ram
170 2058 280 2120 uultus
310 2057 455 2122 conferre
483 2056 648 2141 loquaces'
678 2055 780 2140 (quod
807 2055 924 2118 iterum
954 2054 1118 2119 stabilitur
1145 2055 1217 2120 loco
1326 2124 1329 2131 ,

71 2161 231 2227 Ouidiano
256 2161 342 2244 [Am.
365 2163 381 2227 I
404 2166 439 2247 4,
465 2165 519 2245 17]
550 2163 612 2227 ‘me
641 2166 752 2246 specta
779 2164 940 2244 nutusque
968 2183 1057 2225 meos
1081 2163 1218 2226 uultum·

71 2291 132 2353 que
159 2271 353 2354 loquacem'3
390 2271 429 2336 cf.
454 2273 486 2335 et
510 2270 629 2334 Tibull.
652 2269 685 2334 ΙΙ
709 2271 742 2348 6,
766 2269 809 2332 43
833 2268 955 2332 ‘oculos
979 2267 1157 2355 loquaces')
1185 2270 1219 2332 in

70 2375 129 2439 AV
157 2378 304 2440 refictum
332 2380 381 2440 est
411 2378 446 2440 in
474 2377 653 2461 expeditius
682 2376 762 2440 illud
792 2373 901 2439 ‘nutus
931 2374 1014 2439 conf.
1041 2375 1219 2460 loquaces’3

69 2482 145 2546 111111
168 2483 245 2547 ibid.
268 2485 312 2548 52
341 2484 494 2548 ‘aestiuas
524 2486 681 2548 conuocet
710 2505 764 2547 ore
787 2480 892 2546 niues'
917 2481 1073 2564 exquisite
1097 2481 1219 2546 dictum

71 2697 226 2780 exemplis
256 2718 337 2781 quae
365 2697 462 2762 facile
491 2701 542 2762 est
568 2719 772 2780 coaceruare‚
803 2697 837 2761 id
861 2695 947 2778 quod
971 2695 1047 2758 uolo
1071 2697 1151 2760 satis
1175 2698 1219 2761 ef·

71 2803 192 2867 ficitur:
229 2805 286 2869 ubi
309 2802 335 2868 (1
358 2807 390 2868 11
412 2803 471 2868 AV
493 2806 578 2869 inter
607 2826 641 2868 se
665 2804 876 2887 dissentiunt,
908 2802 961 2866 his
984 2801 1051 2866 fere
1075 2801 1219 2867 diffiden-

73 2908 163 2992 dum,
188 2909 309 2975 abillo
334 2916 442 2976 autem
465 2911 528 2974 nisi
552 2912 594 2975 ob
619 2933 733 2975 causas
752 2909 962 2994 grauissimas
986 2931 1051 2972 non
1074 2909 1221 2974 receden-

72 3015 147 3079 dum
181 3016 331 3100 illiusque
365 3017 543 3100 scripturas
575 3038 634 3100 pro
668 3016 831 3101 germanis
864 3014 1043 3080 communis
1074 3017 1219 3101 utrisque

72 3123 241 3206 archetypi
263 3123 459 3187 lectionibus
483 3121 536 3210 (Ο)
559 3122 726 3186 habendas
750 3144 828 3186 esse.

161 3230 344 3294 Videndum
368 3233 417 3294 est
440 3229 596 3314 numquid
620 3229 658 3293 de
678 3230 778 3314 stirpe
797 3229 955 3293 librorum
974 3227 999 3293 G
1018 3232 1051 3293 et
1069 3229 1128 3293 AV
1144 3251 1219 3294 con-

73 3337 195 3401 iectura
218 3337 366 3422 indagari
389 3337 517 3429 possit.¹
536 3339 568 3400 et
592 3337 632 3401 ad
650 3334 676 3400 (1
695 3336 781 3421 quod
801 3337 931 3420 attInet,
954 3337 1022 3400 eius
1041 3336 1220 3423 librarium,

73 3465 146 3507 cum
166 3445 362 3528 scripturam
381 3444 563 3508 imitaretur
582 3432 862 3528 langobardicam,
881 3466 948 3508 non
966 3443 1078 3508 fraude
1095 3443 1220 3530 fecisse,
1298 3517 1302 3529 Ι

72 3554 110 3614 ut
137 3551 284 3615 fecerunt
311 3553 382 3613 tum
409 3549 591 3615 Florentiae
625 3551 764 3613 maxime
793 3549 888 3613 multi
917 3550 1040 3614 scribae
1068 3548 1158 3635 (nam
1186 3552 1220 3615 in

72 3657 193 3722 ceteris
212 3657 258 3721 nil
277 3657 331 3721 ille
355 3679 428 3720 cum
447 3658 498 3722 his
517 3658 618 3722 habet
640 3658 833 3740 commune),
856 3656 912 3720 sed
930 3660 1096 3721 uetustum
1116 3680 1219 3722 exem·

72 3767 146 3849 plar
173 3787 269 3849 quam
297 3764 484 3828 fidelissime
512 3765 692 3848 depinxisse
726 3764 970 3829 autumauerim.
1020 3765 1096 3829 hino
1125 3765 1153 3829 si
1180 3786 1219 3828 ex

72 3873 132 3936 filii
155 3872 246 3935 uultu
270 3871 308 3935 de
331 3875 423 3955 patre
446 3871 550 3937 facere
574 3873 651 3936 licet
674 3873 904 3954 coniecturam,
932 3871 985 3935 1111
1008 3872 1127 3936 nobilis
1151 3894 1218 3936 sae-

73 3978 137 4042 culi
160 3976 191 4040 X
214 3976 266 4040 uel
288 3975 335 4040 XI
358 3998 502 4062 propago
526 3976 678 4042 dicendus
702 3980 760 4042 est.
805 3980 841 4041 at
862 3977 966 4041 multo
989 3977 1161 4060 recentior,
1184 3977 1218 4040 ni

72 4084 227 4167 fallimur,
250 4088 320 4147 erat
343 4084 488 4148 codicum
510 4083 569 4148 AV
592 4106 718 4168 parens.
763 4084 850 4148 hunc
873 4084 959 4147 enim
983 4104 1056 4147 curn
1079 4084 1150 4166 ipsa
1173 4084 1220 4147 in·

73 4191 162 4257 doles
191 4213 228 4254 ac
254 4192 372 4254 natura
400 4213 439 4254 ex
461 4192 552 4273 prole
581 4191 753 4274 superstite
780 4191 964 4274 perspicua,
995 4193 1065 4253 tum
1087 4189 1176 4252 tituli
1200 4212 1219 4253 a

73 4296 273 4361 rubricatore
302 4297 499 4361 carminibus
527 4298 662 4381 praefixi
690 4298 783 4382 quasi
810 4299 936 4361 intento
960 4295 1062 4379 digito
1088 4295 1217 4360 demon·

75 4405 181 4467 strant
203 4403 331 4467 saeculo
351 4402 415 4467 XII
438 4404 489 4468 uel
507 4403 589 4469 XIII
612 4408 719 4468 ortum
743 4425 819 4469 esse.
852 4402 918 4467 iam
937 4403 1109 4487 quaeritur,
1133 4404 1218 4488 quis-

129 4516 259 4559 namne.
985 4507 1004 4561 b
