2858 4994
134 211 177 275 60
515 210 892 265 PSEUDOTIBULLIANA.

223 375 312 438 Tune
336 397 408 438 eum
431 395 601 458 permenso
626 373 794 438 defunctus
818 377 962 457 tempore
984 375 1065 438 lueis

154 499 186 545 10
268 480 382 544 Nudus
405 479 548 544 Lethaea
571 501 702 564 cogerer
725 480 771 545 ire
795 481 887 544 rate?

167 606 170 623 ¹
224 586 309 673 Nam
332 608 431 672 graue
456 586 531 669 quid
554 586 687 669 prodest
708 588 834 671 pondus
858 587 938 651 mihi
962 586 1075 650 diuitis
1102 589 1179 652 auri

228 736 231 743 -
269 693 421 777 Aruaque
446 693 474 756 si
497 694 620 758 findant
644 694 779 778 pinguia
802 693 889 758 mille
914 693 1036 757 boues?

224 800 347 876 Quidue
370 800 483 864 domus
506 799 639 882 prodest
662 799 813 884 Phrygiis
836 800 947 863 innixa
971 799 1148 880 columnis,

270 906 415 970 Taenare
439 905 507 969 siue
530 905 604 984 tuis,
629 906 697 969 siue
721 903 859 988 Caryste
881 906 957 988 tuis,

154 1030 186 1079 15
219 1013 263 1076 ut
286 1034 421 1076 nemora
443 1012 477 1075 in
500 1012 647 1076 domibus
672 1033 780 1076 saeros
804 1012 967 1076 imitantia
989 1012 1082 1077 lueos

268 1121 474 1202 Aurataeque
497 1118 607 1182 trabes
631 1140 910 1202 marmoreumque
936 1118 1065 1183 solum?

224 1226 348 1302 Quidue
367 1224 402 1287 in
425 1223 607 1308 Erythraeo
630 1225 752 1311 legitur
775 1247 857 1307 quae
881 1226 976 1289 litore
996 1225 1124 1290 coneha

268 1332 446 1415 Tinctaque
470 1329 602 1395 Sidonio
628 1331 748 1395 murice
771 1331 846 1394 lana
869 1332 969 1408 iuuat,

223 1440 268 1503 m
291 1461 372 1521 quae
396 1442 563 1521 praeterea
585 1438 724 1522 populus
749 1438 907 1501 miratur?
930 1438 964 1501 in
987 1439 1052 1503 illis

153 1562 187 1609 26
268 1545 396 1609 Inuidia
419 1549 481 1609 est:
505 1545 588 1609 falso
612 1545 752 1628 plurima
775 1546 892 1630 uulgus
916 1548 1014 1610 amat.

223 1650 298 1715 Non
321 1652 437 1736 opibus
462 1655 586 1716 mentes
609 1651 778 1716 hominum
800 1673 957 1735 auraeque
980 1654 1150 1717 leuantur:

270 1758 355 1822 Nam
378 1758 522 1823 Fortuna
546 1781 604 1823 sua
627 1762 775 1841 tempora
798 1759 868 1843 lege
892 1759 985 1842 regit.

226 1864 275 1928 Sit
298 1865 378 1928 mihi
400 1868 575 1948 paupertas
599 1868 705 1929 teeum
729 1865 876 1948 ineunda,
898 1863 1040 1929 Neaera:

268 1972 313 2034 At
337 1971 405 2035 sine
428 1975 460 2036 16
483 1993 596 2054 regum
620 1993 753 2035 munera
775 1971 864 2035 nulla
888 1972 972 2035 uolo,

155 2092 187 2140 25
226 2075 252 2139 O
277 2077 415 2161 niueam,
439 2099 520 2163 quae
543 2081 575 2141 te
599 2079 719 2161 poterit
742 2078 823 2142 mihi
847 2077 987 2161 reddere,
1009 2078 1131 2142 lueem!

212 2249 216 2254 ,
270 2183 296 2247 O
321 2185 401 2248 mihi
424 2184 552 2249 felicem
574 2187 687 2269 terque
711 2188 888 2268 quaterque
912 2184 1010 2250 diem!

225 2289 270 2353 At
293 2291 329 2375 si,
352 2312 411 2373 pro
436 2289 521 2355 dulei
544 2289 649 2353 reditu
673 2312 891 2374 quaecumque
915 2295 1086 2388 ponentur,

270 2395 393 2461 Audiat
417 2417 530 2459 auersa
553 2417 620 2459 non
644 2418 734 2460 meus
759 2418 834 2460 aure
858 2397 946 2480 deus,

142 2523 144 2528 ·
225 2502 301 2568 Non
323 2523 375 2566 me
398 2522 499 2586 regna
521 2502 636 2565 iuua'nt
658 2523 718 2565 nee
741 2500 860 2585 Lydius
885 2503 1005 2567 aurifer
1028 2504 1134 2568 amnis

155 2627 189 2674 30
266 2608 335 2674 Nee
360 2630 440 2693 quas
463 2611 623 2671 terrarum
647 2607 786 2671 sustinet
810 2609 897 2676 orbis
922 2631 1007 2691 opes.

225 2714 315 2779 Haec
337 2714 394 2778 6111
417 2713 557 2796 cupiant,
580 2713 678 2777 116661
700 2714 779 2777 mihi
802 2737 945 2798 paupere
969 2717 1058 2780 eultn

269 2819 388 2886 Securo
413 2841 488 2882 eara
512 2818 647 2903 coniuge
670 2841 765 2903 posse
788 2820 862 2884 frui.

226 2927 324 2992 Adsis
349 2931 382 2991 et
403 2925 529 2991 timidis
553 2925 673 3009 faueas,
697 2924 859 3011 Saturnia,
882 2928 977 3011 uotis,

269 3034 315 3099 Et
337 3033 449 3098 faueas
472 3031 603 3115 coneha,
627 3030 756 3116 Cypria,
778 3037 873 3097 uecta
895 3037 961 3098 tua.

1181 640 1190 673 7

155 3155 189 3205 35
225 3139 294 3203 Aut
317 3140 345 3203 si
367 3138 437 3204 fata
459 3142 583 3225 negant
605 3139 744 3203 reditum
767 3139 941 3225 tristesque
965 3163 1100 3225 sorores,

208 3352 276 3406 Vin.
296 3370 369 3404 incr.
412 3356 428 3404 9
456 3365 603 3418 permenso
628 3353 659 3403 0:
692 3365 873 3417 praemensae
902 3351 974 3404 Itali
995 3353 1004 3420 ΙΙ
1028 3357 1061 3404 10
1084 3352 1181 3407 lethea
1204 3357 1263 3406 AV
1281 3355 1291 3425 d

140 3447 243 3495 11-13
263 3440 323 3494 tab.
346 3439 413 3492 Par.
432 3440 442 3508 ΙΙ
461 3444 492 3492 11
520 3437 593 3503 Quid
616 3438 747 3507 prodesse
770 3440 865 3507 potest
887 3439 996 3508 pondus
1014 3457 1100 3510 graue
1119 3440 1145 3494 d.
1166 3458 1192 3495 a.
1214 3441 1289 3497 Par.

138 3547 147 3618 q
167 3554 199 3601 13
219 3545 336 3616 phrigiis
354 3549 377 3596 A
398 3545 464 3599 rar.
484 3544 575 3614 frigus
593 3549 616 3595 v
629 3548 639 3614 q
653 3551 687 3598 14
707 3528 807 3600 atriae
827 3550 848 3596 6
866 3544 985 3600 erana
1004 3550 1054 3597 nv
1072 3520 1128 3602 mi
1149 3547 1290 3614 (crassa

138 3640 213 3692 Vm.
233 3638 260 3703 2)
274 3636 283 3704 ΙΙ
299 3639 402 3688 16-22
422 3634 482 3687 hab.
504 3633 572 3688 Par.
591 3635 601 3702 ΙΙ
621 3640 652 3688 17
671 3633 701 3687 in
719 3633 840 3687 erithreo
861 3637 879 3684 0
898 3633 1035 3688 menthae
1057 3636 1124 3688 Par·
1144 3652 1161 3700 p
1184 3636 1290 3693 ir‘rtheo

141 3727 208 3778 Par.
228 3723 384 3792 allegitur
402 3724 495 3791 qu(a)e
519 3728 541 3774 (1
561 3722 628 3777 Par.
654 3723 688 3791 (et
706 3726 729 3774 V
746 3739 780 3777 (6.
800 3727 816 3775 2
835 3723 910 3790 rapt:
934 3722 1070 3792 legiturq;
1094 3722 1123 3776 in
1141 3727 1194 3775 AV
1213 3741 1252 3780 m.
1275 3733 1290 3780 1

138 3812 147 3883 11
168 3817 200 3866 18
220 3811 334 3880 sydonio
353 3813 445 3880 (11120
464 3810 573 3866 Inuidia
592 3814 635 3866 est
653 3816 675 3862 (1
695 3811 775 3865 Par:
800 3811 898 3865 Inuida
917 3828 989 3879 quae
1008 3816 1057 3862 AV
1075 3813 1085 3879 ΙΙ
1103 3818 1146 3880 21,
1166 3818 1202 3865 22
1221 3814 1290 3869 hat.

139 3902 215 3955 Fris.
230 3903 286 3970 1121
301 3899 409 3954 homini
423 3904 454 3968 A,
468 3904 491 3952 V
506 3903 585 3969 (corr.
600 3916 651 3968 my.
667 3917 700 3954 (6.
716 3902 751 3969 2),
766 3901 854 3969 61122
873 3900 947 3954 Nam
967 3904 985 3951 0
1003 3901 1084 3955 Pan:
1103 3900 1163 3954 Nec
1178 3901 1260 3956 Fris.
1286 3903 1289 3974 1

139 3991 212 4060 regit
230 3995 252 4041 (1
273 3990 354 4042 Pare
378 3988 452 4058 gerit
474 3993 524 4040 AV
547 3988 623 4042 Fris.
643 3989 652 4054 ΙΙ
670 3994 703 4041 23
727 3988 848 4042 iucunda
867 3992 889 4038 (1
906 3989 915 4056 ΙΙ
933 3994 968 4041 24
987 3988 1024 4041 Α1
1046 3993 1068 4039 (1
1091 3989 1127 4056 (61
1144 3991 1167 4039 V
1186 4005 1221 4044 m.
1243 3992 1289 4060 2):

139 4079 176 4133 Et
193 4082 244 4132 AV
262 4095 296 4131 m.
317 4083 331 4132 1
354 4079 364 4147 ΙΙ
387 4082 421 4130 28
440 4076 557 4130 aduersa
576 4080 604 4144 0,
630 4091 697 4130 eurr.
722 4080 745 4126 V
763 4093 796 4128 (6.
818 4083 832 4128 2
856 4078 866 4144 ΙΙ
892 4076 1078 4129 29-33161.
1100 4075 1179 4140 Par„
1198 4081 1291 4134 uerba

139 4169 234 4222 Lidius
253 4165 357 4222 aurifer
379 4164 469 4220 amnis
492 4164 568 4220 Fris.
592 4167 602 4233 11
625 4171 658 4219 29
681 4165 786 4220 Νοιι(1
811 4165 893 4219 Par:
921 4164 981 4218 Nee
1004 4168 1054 4215 AV
1079 4166 1083 4232 Ι
1110 4164 1212 4219 iuuant
1233 4172 1290 4221 AV

142 4258 223 4311 Pam:
242 4255 339 4310 iuuent
357 4258 382 4325 (e
397 4272 430 4309 66
445 4257 524 4323 corr.)
543 4257 565 4306 (1
581 4254 585 4322 Ι
601 4270 652 4307 nee
671 4258 690 4305 0
707 4253 788 4307 Par:
806 4270 863 4307 non
877 4267 894 4309 ς
909 4253 913 4321 1
929 4251 1014 4306 lidius
1032 4256 1082 4304 AV
1098 4253 1177 4320 Par„
1191 4255 1289 4325 Fris}

140 4352 173 4400 32
194 4345 297 4400 Securo
315 4344 392 4398 uitae
410 4358 524 4397 munere
542 4360 570 4411 p.
589 4341 608 4396 f.
629 4341 697 4396 Par.
711 4343 721 4411 ΙΙ
735 4348 768 4396 33
789 4340 866 4395 Α6616
885 4341 975 4409 01135
994 4341 1052 4412 Aut
1069 4342 1098 4410 (u
1112 4342 1162 4396 del.
1172 4359 1207 4398 m.
1220 4345 1247 4413 2)
1265 4350 1289 4399 G
