2858 4994
143 202 185 264 62
523 202 897 259 PSEUDOTIBULLIANA.

200 364 297 429 ‘Nee
320 387 370 428 me
394 365 536 448 sopierat
559 367 660 430 menti
683 365 760 431 deus
784 367 873 430 utilis
898 385 1026 450 aegrae:

159 488 192 534 20
276 468 414 535 Somnus
439 471 594 535 sollicitas
618 470 726 535 deficit
750 477 824 537 ante
848 473 971 538 domos.

226 578 379 662 Tandem,
403 600 475 642 cum
499 600 624 642 summo
649 577 798 643 Phoebus
821 579 987 663 prospexit
1011 579 1052 642 ab
1077 582 1163 660 ortu,

274 684 399 749 Pressit
421 684 607 767 languentis
632 685 755 748 lumina
779 708 851 750 sera
875 686 974 770 quies

229 790 292 854 Hic
316 791 440 855 iuuenis
465 794 554 854 casta
578 791 746 855 redimitus
771 795 917 874 tempora
941 792 1032 856 lauro

273 897 336 961 Est
358 898 445 960 uisus
469 899 582 960 nostra
604 918 724 979 ponere
748 896 822 961 sede
845 898 967 981 pedem.

161 1020 193 1067 25
231 1004 306 1068 Non
330 1004 386 1067 illo
411 1003 580 1085 quicquam
603 1002 777 1066 formosius
802 1003 868 1067 ulla
890 1005 1036 1087 priorum

273 1111 385 1195 Aetas,
408 1109 585 1173 humanum
608 1131 666 1173 nec
689 1109 766 1173 tulit
788 1110 842 1173 ille
866 1110 970 1175 decus.

227 1217 355 1281 lntonsi
374 1217 477 1281 crines
501 1218 599 1301 longa
623 1218 743 1282 cervice
766 1217 917 1302 fluebant,

275 1322 428 1387 Stillabat
452 1321 544 1408 Syrio
568 1328 695 1408 myrtea
717 1345 789 1387 rore
813 1345 915 1387 coma.

229 1430 357 1515 Candor
381 1436 458 1513 erat,
483 1431 610 1515 qualem
633 1431 775 1514 praefert
797 1430 935 1495 Latonia
957 1431 1059 1515 Luna,

158 1555 192 1600 30
273 1538 317 1602 Et
341 1539 430 1601 color
453 1538 487 1601 in
509 1539 605 1601 niueo
629 1559 762 1621 corpore
785 1559 973 1622 purpureus,

227 1644 273 1708 Ut
297 1644 406 1707 iuueni
429 1644 569 1727 primum
593 1645 685 1728 uirgo
710 1643 845 1708 deducta
868 1645 985 1709 marito
1026 1630 1033 1641 ¹

273 1750 420 1815 inficitur
442 1754 571 1816 teneras
596 1773 651 1815 ore
670 1752 794 1815 nitente
818 1772 928 1836 genas,

227 1856 294 1921 Aut
318 1879 390 1921 cum
414 1861 589 1922 contexunt
613 1859 791 1922 amarantis
816 1859 890 1922 alba
913 1859 1039 1941 puellae

272 1963 355 2027 Lilia
378 1966 411 2027 et
435 1968 590 2028 autumno
615 1964 749 2028 candida
772 1964 858 2028 mala
881 1965 1008 2028 rubent.

156 2087 189 2134 35
227 2072 298 2136 Ima
320 2071 491 2135 uidebatur
513 2072 589 2135 talis
613 2072 748 2135 illudere
771 2072 870 2155 palla:

271 2176 420 2260 Namque
442 2177 522 2240 haec
545 2177 581 2239 in
603 2177 705 2240 nitido
730 2198 864 2260 corpore
887 2178 987 2241 uestis
1011 2183 1089 2243 erat.

229 2285 318 2348 Artis
343 2305 423 2366 opus
447 2304 548 2366 rarae,
571 2283 700 2366 fulgens
723 2283 886 2347 testudine
910 2289 942 2348 et
965 2308 1043 2350 auro

271 2389 438 2453 Pendebat
460 2389 553 2452 laeua
577 2390 707 2473 garrula
730 2395 824 2472 parte
847 2392 928 2474 lyra.

226 2496 320 2560 Hanc
343 2497 483 2580 primum
506 2498 638 2560 ueniens
663 2498 787 2579 plectro
811 2498 994 2563 modulatus
1018 2500 1157 2585 eburno,

157 2619 191 2666 40
274 2602 396 2667 Felices
421 2606 534 2667 cantus
559 2626 614 2668 ore
639 2607 775 2668 sonante
800 2604 903 2687 dedit3

108 2756 112 2760 -
227 2709 288 2775 Sed
312 2713 484 2794 postquam
508 2709 636 2774 fuerant
660 2710 754 2794 digiti
779 2733 851 2774 cum
875 2733 952 2775 uoce
976 2713 1085 2795 locuti,

273 2814 386 2895 Edidit
408 2815 489 2879 haec
512 2815 597 2880 dulci
620 2816 727 2880 tristia
750 2817 850 2881 uerba
874 2819 984 2883 modo:

227 2921 343 3007 ‘Saloe
367 2945 449 2987 cura·
467 2922 575 2987 deum:
599 2929 690 2988 casto
713 2946 789 2988 nam
812 2925 873 2988 rite
896 2934 1031 3008 poetae

271 3028 484 3114 Phoebusque
509 3033 541 3093 et
564 3029 712 3094 Bacchus
735 3029 939 3114 Pieridesque
963 3032 1082 3097 fauent.

153 3152 187 3199 45
226 3134 287 3200 Sed
310 3138 417 3219 proles
442 3136 585 3202 Semelae
610 3137 758 3201 Bacchus
783 3139 959 3220 doctaeque
983 3160 1111 3202 sorores

269 3243 384 3308 Dicere
407 3266 474 3308 non
492 3247 622 3327 norunt,
646 3244 723 3328 quid
746 3245 831 3308 ferat
854 3245 934 3308 hora
958 3266 1108 3328 sequens3

224 3351 270 3414 At
293 3351 373 3415 mihi
396 3350 539 3415 fatorum
562 3351 650 3434 leges
675 3352 809 3435 aeuique
835 3350 935 3414 futuri

138 3530 185 3537 —.

206 3615 273 3670 Van.
293 3635 367 3671 incr.
407 3623 439 3670 19
458 3616 545 3670 menti
565 3631 649 3684 sopor
667 3613 745 3668 utilis
769 3632 835 3684 egre
853 3618 897 3670 est
914 3617 975 3670 hab.
994 3615 1061 3670 Par.
1085 3619 1094 3686 ΙΙ
1117 3623 1150 3671 21
1172 3637 1291 3676 summa

137 3735 169 3744 —
190 3704 226 3758 ab
247 3704 318 3758 Oeta
340 3705 528 3758 Marklandus
546 3704 584 3757 ad
602 3702 690 3757 Statii
707 3704 770 3756 citu.
790 3705 815 3756 Π
834 3710 859 3772 2,
878 3710 912 3757 45
929 3706 933 3771 Ι
950 3705 1092 3773 perspexit
1110 3711 1131 3757 0
1149 3709 1158 3775 ΙΙ
1177 3715 1213 3762 26
1233 3710 1288 3764 hu-

136 3810 250 3846 manum
269 3810 320 3846 nec
338 3793 417 3847 uidet
435 3793 506 3847 illud
529 3809 598 3861 opus
622 3797 655 3860 0,
680 3793 752 3860 quod
775 3795 888 3847 correxi.
912 3793 1029 3847 heroum
1052 3811 1103 3848 nec
1126 3795 1196 3850 tulit
1224 3799 1291 3854 ulla

135 3882 234 3935 domus
252 3880 448 3934 Lachmannue
461 3882 470 3949 l
484 3886 518 3934 28
539 3879 619 3948 Syrio
639 3880 724 3933 Itali:
747 3882 820 3948 tyrio
840 3887 858 3933 0
881 3884 884 3950 Ι
905 3885 1015 3951 myrtea
1033 3887 1067 3935 G:
1091 3884 1214 3940 mirthea
1232 3892 1290 3941 Av

135 3986 244 4040 myrrea
263 3988 282 4035 g
300 3970 309 4038 ΙΙ
327 3975 360 4021 32
379 3969 486 4024 nitente
505 3972 616 4038 scripsi:
634 3970 753 4023 rubente
777 3973 819 4040 011
837 3978 870 4025 33
894 3972 951 4026 Aut
969 3974 1042 4026 Itali
1047 3995 1054 4026 :
1077 3971 1115 4024 Et
1137 3977 1155 4023 0
1179 3973 1221 4028 Ut
1240 3991 1258 4032 ς
1279 3977 1294 4049 lt

134 4065 168 4111 35
188 4060 259 4130 Ima]
279 4060 392 4127 Iamque
416 4062 512 4128 01136
536 4061 618 4130 haec]
642 4061 736 4114 enaiim
759 4076 839 4128 aeca,
862 4063 880 4114 i.
901 4078 922 4115 c.
941 4078 1032 4130 aequa
1049 4064 1058 4130 ΙΙ
1077 4067 1110 4114 38
1129 4061 1183 4114 lira
1202 4068 1258 4116 AV
1278 4072 1289 4137 f!

134 4154 166 4200 41
183 4146 274 4215 loquti
287 4152 310 4198 Δ
323 4148 333 4216 ΙΙ
346 4153 380 4200 42
395 4147 472 4201 dulci
484 4148 579 4203 tristia
593 4135 796 4203 Broulctucius:
811 4149 886 4202 tristi
900 4150 994 4203 dulcia
1008 4155 1027 4201 0
1043 4152 1048 4219 Ι
1064 4149 1147 4203 modo
1163 4167 1196 4204 ex
1211 4168 1286 4206 corr.

135 4238 227 4304 01144
246 4240 271 4289 et
289 4241 322 4289 45
341 4237 448 4290 bachus
462 4239 536 4305 AVl}
550 4242 583 4290 45
604 4239 706 4292 semele
725 4242 788 4291 AV:
808 4237 918 4291 semelie
933 4243 954 4289 0
969 4239 1085 4293 semeles
1101 4253 1117 4295 ς
1131 4240 1140 4308 ΙΙ
1153 4245 1188 4292 47
1204 4243 1287 4296 aenis

134 4341 189 4392 que
209 4343 240 4390 g:
260 4325 359 4394 cuique
378 4330 429 4377 AV
448 4325 580 4394 cuiusque
600 4331 621 4377 0
