2858 4994
46 282 52 293 α
136 211 202 267 XIV
562 204 847 263 PROLEGOMENA.

136 377 173 438 ut
202 396 275 440 oum
308 374 467 457 excerptis
495 371 652 436 Parisinis
681 366 784 455 (Par.)
818 367 1001 433 consentiat
1027 365 1094 430 fere
1124 365 1164 428 in
1193 365 1288 430 bonis

136 479 339 564 lectionibus,
362 480 410 544 ibi
429 482 547 565 autem,
570 477 626 540 ubi
644 476 703 540 illa
721 496 839 559 prauas
857 473 989 556 habent,
1008 471 1108 535 faciat
1126 491 1206 534 cum
1223 467 1288 533 AV.

139 588 198 673 sic,
221 591 258 653 ut
280 587 419 672 primam
442 585 675 668 perlustremus
699 582 849 667 elegiam,
870 579 1008 643 habent:

249 695 270 758 2
295 693 399 758 multa
422 691 447 757 ll
464 691 557 756 Pon:
581 711 701 775 magna
723 687 782 753 AV

251 799 272 864 5
294 800 364 864 uita
387 797 506 863 llPor.
530 794 659 883 (Fris.):
682 797 770 860 uitae
792 793 851 858 AV

251 906 271 970 6
295 906 427 971 assiduo
450 903 489 989 (t,
511 903 583 968 AV:
606 904 723 989 exiguo
746 902 823 968 Par.

228 1012 366 1077 2571111
398 1011 494 1076 modo
526 1032 593 1076 non
623 1032 757 1095 possum
788 1006 826 1092 9,
852 1005 925 1072 AV:
966 1005 1090 1089 Quippe
1124 1026 1190 1090 ego
1225 1005 1294 1070 iam

354 1139 487 1202 possum
510 1117 586 1182 Por.

229 1224 272 1289 29
295 1224 459 1289 bidentem
482 1222 616 1295 cPara
639 1223 787 1288 bidentes
810 1220 869 1285 AV

217 1360 226 1373 ·
253 1331 272 1396 7
297 1353 403 1396 seram
425 1329 463 1416 (t,
485 1329 557 1395 AV:
579 1331 682 1395 feram
704 1329 781 1394 Par.
1152 1410 1155 1415 Δ

231 1437 272 1502 37
298 1436 417 1502 Assitis
440 1436 507 1501 diui
530 1435 568 1522 (t,
590 1435 662 1501 AV:
685 1435 755 1500 Vos
778 1455 903 1519 quoque
927 1433 1037 1497 adeste
1061 1431 1111 1495 dei
1135 1430 1217 1496 Par.

229 1543 272 1607 41
296 1542 461 1608 fructusue
484 1541 619 1608 GPar.:
642 1543 829 1625 fructusque
851 1538 911 1604 AV

230 1646 275 1713 43
298 1648 379 1713 satis
403 1650 453 1713 est
476 1648 556 1714 satis
580 1653 629 1714 est
651 1646 690 1733 (t,
711 1646 782 1711 AV:
807 1647 886 1712 satis
909 1649 960 1710 est
982 1668 1047 1710 uno
1070 1644 1146 1708 Par.

231 1755 274 1819 47
298 1752 368 1818 Aut
389 1752 427 1839 (t,
449 1753 522 1820 AV:
545 1754 591 1820 Et
612 1754 689 1820 Par.

233 1861 276 1925 48
300 1860 403 1925 imbre
427 1858 452 1924 (t
469 1860 558 1926 Pan:
582 1862 656 1946 igne
679 1859 738 1925 AV

233 1966 276 2030 49
301 1966 345 2034 sit
367 1963 392 2029 (t
410 1965 502 2030 Pon:
526 1967 553 2031 si
575 1967 634 2032 AV

232 2073 276 2137 49
301 2073 371 2137 iure
394 2070 432 2155 (t,
454 2072 525 2138 AV:
548 2097 622 2139 rure
645 2074 721 2140 Par.

234 2177 456 2243 butristas.
479 2202 510 2262 p.
531 2180 661 2263 pluuias
684 2178 721 2264 (t,
744 2177 815 2244 AV:
839 2177 899 2243 celi
922 2179 1034 2242 nubila
1055 2178 1078 2241 f.
1100 2199 1131 2260 p.
1154 2177 1235 2242 Par.

235 2286 274 2350 71
299 2305 359 2348 nec
382 2282 502 2348 cPar.
524 2283 655 2371 (Fris.):
680 2307 782 2370 neque
805 2285 864 2350 AV

237 2391 278 2455 78
302 2389 487 2473 Despiciam
512 2391 594 2457 dites
618 2390 753 2458 wan:
777 2392 869 2457 Dites
893 2392 1068 2475 despiciam
1090 2391 1149 2456 AV

145 2497 216 2562 Has
238 2497 394 2562 lectiones
417 2497 445 2561 si
468 2499 706 2584 perpendimus,
729 2498 754 2564 (t
773 2501 966 2583 ubicumque
988 2499 1091 2564 bonas
1114 2519 1195 2582 quas
1215 2498 1298 2562 Par.

146 2605 270 2669 habent
297 2604 452 2668 lectiones
481 2607 572 2690 sequi
599 2606 754 2670 uidemus.
798 2628 873 2669 nam
896 2627 950 2669 uu.
973 2605 1008 2690 2,
1031 2604 1065 2684 5,
1088 2605 1145 2690 48,
1167 2604 1213 2668 49
1238 2628 1298 2670 res

147 2711 297 2776 omnibus
320 2731 407 2774 nunc
430 2710 464 2773 in
487 2710 635 2776 confesso
658 2714 722 2795 est3
755 2733 786 2776 u.
808 2712 850 2775 29
875 2714 983 2776 autem
1005 2733 1157 2775 numerus
1182 2711 1298 2795 singu-

149 2817 227 2882 laris
248 2814 434 2881 ‘bidentem'
454 2837 550 2900 quam
568 2819 671 2882 multo
695 2818 738 2882 sit
757 2818 864 2901 aptior
884 2818 1001 2901 plurali
1021 2837 1178 2900 quamque
1197 2838 1229 2880 u.
1247 2818 1290 2882 41

148 2922 336 2990 ‘fructusue'
354 2925 499 3008 praestet
516 2923 565 2987 illi
585 2922 803 3009 ‘fructusque',
826 2924 961 3006 denique
981 2946 1011 2987 u.
1027 2924 1068 2988 78
1093 2921 1296 3006 ‘Despiciam

80 3037 83 3042 ’
147 3029 242 3096 dites'
266 3030 372 3114 magis
396 3051 466 3094 esse
489 3051 528 3094 ex
550 3052 612 3094 usu
635 3029 820 3096 Tibulliano
845 3030 898 3112 [of.
920 3029 937 3094 I
959 3030 995 3115 4,
1018 3029 1074 3112 823
1097 3029 1130 3092 H
1154 3029 1188 3113 5,
1214 3031 1297 3115 1053

147 3137 181 3202 Π
205 3138 239 3219 6,
262 3137 312 3219 97,
334 3136 472 3200 libenter
495 3135 575 3199 mihi
598 3137 797 3202 concedetur.
839 3138 951 3201 contra
973 3158 1026 3200 uu.
1050 3136 1082 3219 6,
1106 3136 1163 3220 25,
1186 3138 1214 3219 7,
1240 3137 1296 3222 37,

147 3245 204 3328 43,
226 3243 283 3325 47,
306 3241 364 3324 49,
388 3241 431 3305 50
454 3239 479 3305 (t
503 3262 570 3305 non
592 3243 722 3308 exhibet
745 3264 799 3307 eas
824 3243 939 3326 quibus
962 3242 1037 3307 Par.
1060 3245 1191 3326 turpata
1214 3247 1296 3306 sunt

150 3348 428 3433 interpolationes.
459 3346 522 3411 hoc
541 3350 701 3431 quomodo
721 3349 946 3434 explicandum
965 3348 1039 3414 est?
1064 3371 1143 3412 num
1162 3349 1295 3413 doctum

152 3454 311 3541 quendam
342 3455 463 3519 Italum
495 3459 717 3539 excerptorum
750 3457 891 3522 codicem
927 3458 1080 3520 nanctum
1112 3455 1294 3539 adsumptis

150 3563 246 3628 modo
274 3563 391 3627 horum
418 3562 515 3627 modo
542 3563 743 3648 integrorum
767 3564 924 3629 librorum
951 3562 1145 3626 lectionibus
1172 3583 1293 3626 nouam

151 3668 272 3734 Tibulli
294 3669 519 3734 recensionem
536 3669 717 3735 instituisse
739 3668 950 3754 putabimus?
994 3667 1056 3732 hae
1079 3688 1183 3752 nugae
1208 3672 1293 3732 sunt.

149 3798 226 3840 nam
259 3777 342 3840 mira
377 3777 473 3859 atque
505 3797 639 3859 prorsus
676 3776 834 3860 singulari
866 3775 945 3840 artis
978 3775 1107 3839 criticae
1138 3774 1293 3838 facultate

152 3906 224 3948 eum
254 3882 375 3947 Italum
406 3882 590 3966 praeditum
619 3882 720 3947 fuisse
753 3883 957 3948 statuendum
987 3886 1084 3966 esset,
1117 3881 1171 3965 qui
1200 3882 1294 3944 tanta

151 4012 224 4054 oum
247 3989 439 4053 dexteritate
462 3992 618 4072 tantoque
646 4011 718 4054 cum
741 3990 859 4054 iudicio
886 3989 1036 4074 elegisset
1058 3989 1159 4053 bonas
1183 3987 1295 4052 lectio-

151 4117 218 4180 nes,
242 4097 419 4179 spreuisset
437 4097 548 4160 malas.
581 4096 681 4159 immo
701 4096 763 4160 hoc
780 4117 839 4178 pro
863 4098 950 4160 certo
970 4095 1046 4158 licet
1064 4093 1234 4177 affirmare,
1258 4097 1295 4157 ut

119 4187 123 4193 ⁸
152 4208 244 4267 erant
266 4206 343 4266 tuno
365 4202 523 4287 homines,
546 4202 708 4266 neminem
731 4201 874 4266 animum
897 4199 1107 4264 aduersurum
1130 4200 1230 4264 fuisse
1253 4199 1294 4263 ad

152 4308 385 4391 discrepantias
404 4313 471 4373 tam
491 4309 635 4392 subtiles,
655 4309 765 4393 quales
786 4311 861 4372 sunt
880 4305 1016 4392 5‘uita',
1039 4306 1082 4370 29
1098 4305 1294 4390 ‘bidentem',
