<?xml version="1.0" encoding="UTF-8"?>
<!DOCTYPE html PUBLIC "-//W3C//DTD XHTML 1.0 Transitional//EN"
    "http://www.w3.org/TR/xhtml1/DTD/xhtml1-transitional.dtd">
<html xmlns="http://www.w3.org/1999/xhtml" xml:lang="en" lang="en">
 <head>
  <title>
</title>
<meta http-equiv="Content-Type" content="text/html;charset=utf-8" />
  <meta name='ocr-system' content='tesseract 3.04.00' />
  <meta name='ocr-capabilities' content='ocr_page ocr_carea ocr_par ocr_line ocrx_word'/>
</head>
<body>
  <div class='ocr_page' id='page_1' title='image "./elegiarumlibrid01tibugoog_0035.png"; bbox 0 0 2858 4994; ppageno 0'>
   <div class='ocr_carea' id='block_1_1' title="bbox 553 187 872 242">
    <p class='ocr_par' dir='ltr' id='par_1_1' title="bbox 553 187 872 242">
     <span class='ocr_line' id='line_1_1' title="bbox 553 187 872 242; baseline -0.003 -2"><span class='ocrx_word' id='word_1_1' title='bbox 553 187 700 242; x_wconf 87' lang='lat' dir='ltr'>TlBULLl</span> <span class='ocrx_word' id='word_1_2' title='bbox 721 188 788 241; x_wconf 91' lang='lat' dir='ltr'>LIB.</span> <span class='ocrx_word' id='word_1_3' title='bbox 808 189 829 240; x_wconf 91' lang='lat' dir='ltr'>I.</span> <span class='ocrx_word' id='word_1_4' title='bbox 850 193 872 239; x_wconf 93' lang='lat'>1.</span> 
     </span>
    </p>
   </div>
   <div class='ocr_carea' id='block_1_2' title="bbox 157 347 1221 3406">
    <p class='ocr_par' dir='ltr' id='par_1_2' title="bbox 157 347 1234 3406">
     <span class='ocr_line' id='line_1_2' title="bbox 272 347 980 433; baseline -0.003 -20"><span class='ocrx_word' id='word_1_5' title='bbox 272 349 340 413; x_wconf 91' lang='lat' dir='ltr'>Nec</span> <span class='ocrx_word' id='word_1_6' title='bbox 355 370 490 432; x_wconf 88' lang='lat' dir='ltr'>semper</span> <span class='ocrx_word' id='word_1_7' title='bbox 513 349 630 433; x_wconf 87' lang='lat' dir='ltr'>longae</span> <span class='ocrx_word' id='word_1_8' title='bbox 654 349 781 413; x_wconf 89' lang='lat' dir='ltr'>deditus</span> <span class='ocrx_word' id='word_1_9' title='bbox 805 370 874 412; x_wconf 86' lang='lat' dir='ltr'>esse</span> <span class='ocrx_word' id='word_1_10' title='bbox 898 347 980 430; x_wconf 87' lang='lat' dir='ltr'>uiae,</span> 
     </span>
     <span class='ocr_line' id='line_1_3' title="bbox 231 454 1048 521; baseline -0.005 -1"><span class='ocrx_word' id='word_1_11' title='bbox 231 455 294 520; x_wconf 83' lang='lat' dir='ltr'>Sed</span> <span class='ocrx_word' id='word_1_12' title='bbox 317 455 415 520; x_wconf 81' lang='lat' dir='ltr'>Oanis</span> <span class='ocrx_word' id='word_1_13' title='bbox 440 457 580 520; x_wconf 88' lang='lat' dir='ltr'>aestiuos</span> <span class='ocrx_word' id='word_1_14' title='bbox 605 459 694 521; x_wconf 90' lang='lat' dir='ltr'>ortus</span> <span class='ocrx_word' id='word_1_15' title='bbox 718 457 824 520; x_wconf 89' lang='lat' dir='ltr'>uitare</span> <span class='ocrx_word' id='word_1_16' title='bbox 848 455 907 520; x_wconf 90' lang='lat' dir='ltr'>sub</span> <span class='ocrx_word' id='word_1_17' title='bbox 930 454 1048 518; x_wconf 89' lang='lat' dir='ltr'>umbra</span> 
     </span>
     <span class='ocr_line' id='line_1_4' title="bbox 272 561 996 646; baseline 0 -20"><span class='ocrx_word' id='word_1_18' title='bbox 272 561 408 626; x_wconf 82' lang='lat' dir='ltr'>Arboris</span> <span class='ocrx_word' id='word_1_19' title='bbox 434 563 475 626; x_wconf 91' lang='lat' dir='ltr'>ad</span> <span class='ocrx_word' id='word_1_20' title='bbox 497 564 602 627; x_wconf 90' lang='lat' dir='ltr'>riuom</span> <span class='ocrx_word' id='word_1_21' title='bbox 625 562 862 646; x_wconf 89' lang='lat' dir='ltr'>praetereuntis</span> <span class='ocrx_word' id='word_1_22' title='bbox 887 582 996 643; x_wconf 86' lang='lat' dir='ltr'>aquae.</span> 
     </span>
     <span class='ocr_line' id='line_1_5' title="bbox 227 654 1112 752; baseline -0.006 -18"><span class='ocrx_word' id='word_1_23' title='bbox 227 668 295 734; x_wconf 89' lang='lat' dir='ltr'>Nec</span> <span class='ocrx_word' id='word_1_24' title='bbox 317 672 427 732; x_wconf 89' lang='lat' dir='ltr'>tamen</span> <span class='ocrx_word' id='word_1_25' title='bbox 449 669 610 732; x_wconf 89' lang='lat' dir='ltr'>interdum</span> <span class='ocrx_word' id='word_1_26' title='bbox 633 669 753 752; x_wconf 87' lang='lat' dir='ltr'>pudeat</span> <span class='ocrx_word' id='word_1_27' title='bbox 775 670 918 734; x_wconf 89' lang='lat' dir='ltr'>tenuisse</span> <span class='ocrx_word' id='word_1_28' title='bbox 942 654 1112 731; x_wconf 86' lang='lat' dir='ltr'>bidentem</span> 
     </span>
     <span class='ocr_line' id='line_1_6' title="bbox 158 774 987 859; baseline -0.001 -21"><span class='ocrx_word' id='word_1_29' title='bbox 158 777 195 838; x_wconf 81' lang='lat'>30&#39;</span> <span class='ocrx_word' id='word_1_30' title='bbox 276 774 344 839; x_wconf 85' lang='lat' dir='ltr'>Aut</span> <span class='ocrx_word' id='word_1_31' title='bbox 368 776 499 840; x_wconf 89' lang='lat' dir='ltr'>stimulo</span> <span class='ocrx_word' id='word_1_32' title='bbox 523 775 634 840; x_wconf 90' lang='lat' dir='ltr'>tardos</span> <span class='ocrx_word' id='word_1_33' title='bbox 657 776 854 859; x_wconf 78' lang='lat' dir='ltr'>increpuisse</span> <span class='ocrx_word' id='word_1_34' title='bbox 877 775 987 856; x_wconf 80' lang='lat' dir='ltr'>b‘oues,</span> 
     </span>
     <span class='ocr_line' id='line_1_7' title="bbox 227 880 1049 966; baseline -0.002 -22"><span class='ocrx_word' id='word_1_35' title='bbox 227 880 302 945; x_wconf 91' lang='lat' dir='ltr'>Non</span> <span class='ocrx_word' id='word_1_36' title='bbox 326 903 486 966; x_wconf 89' lang='lat' dir='ltr'>agnamue</span> <span class='ocrx_word' id='word_1_37' title='bbox 510 882 582 946; x_wconf 91' lang='lat' dir='ltr'>sinu</span> <span class='ocrx_word' id='word_1_38' title='bbox 605 881 717 966; x_wconf 82' lang='lat' dir='ltr'>pigeat</span> <span class='ocrx_word' id='word_1_39' title='bbox 740 881 884 945; x_wconf 80' lang='lat' dir='ltr'>fatumue</span> <span class='ocrx_word' id='word_1_40' title='bbox 908 880 1049 963; x_wconf 83' lang='lat' dir='ltr'>capellae</span> 
     </span>
     <span class='ocr_line' id='line_1_8' title="bbox 272 986 1002 1068; baseline 0 -19"><span class='ocrx_word' id='word_1_41' title='bbox 272 986 445 1051; x_wconf 89' lang='lat' dir='ltr'>Desertum</span> <span class='ocrx_word' id='word_1_42' title='bbox 469 988 572 1052; x_wconf 88' lang='lat' dir='ltr'>oblita</span> <span class='ocrx_word' id='word_1_43' title='bbox 594 992 698 1068; x_wconf 76' lang='lat' dir='ltr'>matre</span> <span class='ocrx_word' id='word_1_44' title='bbox 721 987 839 1051; x_wconf 88' lang='lat' dir='ltr'>referre</span> <span class='ocrx_word' id='word_1_45' title='bbox 863 986 1002 1051; x_wconf 90' lang='lat' dir='ltr'>domum.</span> 
     </span>
     <span class='ocr_line' id='line_1_9' title="bbox 229 1090 984 1178; baseline -0.001 -22"><span class='ocrx_word' id='word_1_46' title='bbox 229 1090 289 1178; x_wconf 82' lang='lat' dir='ltr'>(At</span> <span class='ocrx_word' id='word_1_47' title='bbox 310 1114 370 1158; x_wconf 89' lang='lat' dir='ltr'>uos</span> <span class='ocrx_word' id='word_1_48' title='bbox 392 1094 506 1177; x_wconf 88' lang='lat' dir='ltr'>exiguo</span> <span class='ocrx_word' id='word_1_49' title='bbox 529 1094 648 1177; x_wconf 90' lang='lat' dir='ltr'>pecori,</span> <span class='ocrx_word' id='word_1_50' title='bbox 671 1093 821 1176; x_wconf 87' lang='lat' dir='ltr'>furesque</span> <span class='ocrx_word' id='word_1_51' title='bbox 844 1092 984 1176; x_wconf 86' lang='lat' dir='ltr'>lupique,</span> 
     </span>
     <span class='ocr_line' id='line_1_10' title="bbox 272 1198 1137 1289; baseline 0 -27"><span class='ocrx_word' id='word_1_52' title='bbox 272 1198 413 1263; x_wconf 75' lang='lat' dir='ltr'>Parcite:</span> <span class='ocrx_word' id='word_1_53' title='bbox 438 1199 476 1289; x_wconf 79' lang='lat' dir='ltr'>de</span> <span class='ocrx_word' id='word_1_54' title='bbox 499 1220 629 1283; x_wconf 88' lang='lat' dir='ltr'>magno</span> <span class='ocrx_word' id='word_1_55' title='bbox 644 1203 694 1263; x_wconf 90' lang='lat' dir='ltr'>est</span> <span class='ocrx_word' id='word_1_56' title='bbox 716 1199 837 1284; x_wconf 88' lang='lat' dir='ltr'>praeda</span> <span class='ocrx_word' id='word_1_57' title='bbox 859 1198 998 1282; x_wconf 88' lang='lat' dir='ltr'>petenda</span> <span class='ocrx_word' id='word_1_58' title='bbox 1021 1218 1137 1282; x_wconf 85' lang='lat' dir='ltr'>grege:</span> 
     </span>
     <span class='ocr_line' id='line_1_11' title="bbox 159 1304 1221 1389; baseline -0.003 -20"><span class='ocrx_word' id='word_1_59' title='bbox 159 1322 193 1370; x_wconf 79' lang='lat'>35</span> <span class='ocrx_word' id='word_1_60' title='bbox 230 1305 293 1369; x_wconf 91' lang='lat' dir='ltr'>Hic</span> <span class='ocrx_word' id='word_1_61' title='bbox 317 1322 377 1389; x_wconf 92' lang='lat' dir='ltr'>ego</span> <span class='ocrx_word' id='word_1_62' title='bbox 401 1307 627 1388; x_wconf 78' lang='lat' dir='ltr'>pastoremque</span> <span class='ocrx_word' id='word_1_63' title='bbox 650 1310 756 1369; x_wconf 88' lang='lat' dir='ltr'>meum</span> <span class='ocrx_word' id='word_1_64' title='bbox 778 1304 918 1375; x_wconf 82' lang='lat' dir='ltr'>lustrare</span> <span class='ocrx_word' id='word_1_65' title='bbox 942 1304 1116 1387; x_wconf 87' lang='lat' dir='ltr'>quotannis</span> <span class='ocrx_word' id='word_1_66' title='bbox 1218 1368 1221 1375; x_wconf 77' lang='grc'>,</span> 
     </span>
     <span class='ocr_line' id='line_1_12' title="bbox 160 1406 1065 1509; baseline -0.002 -34"><span class='ocrx_word' id='word_1_67' title='bbox 160 1429 194 1476; x_wconf 81' lang='lat' dir='ltr'>ss</span> <span class='ocrx_word' id='word_1_68' title='bbox 275 1410 510 1509; x_wconf 49' lang='lat' dir='ltr'>Ebplatidtln·</span> <span class='ocrx_word' id='word_1_69' title='bbox 528 1411 617 1474; x_wconf 86' lang='lat' dir='ltr'>soleo</span> <span class='ocrx_word' id='word_1_70' title='bbox 642 1432 795 1495; x_wconf 87' lang='lat' dir='ltr'>spargere</span> <span class='ocrx_word' id='word_1_71' title='bbox 818 1411 903 1474; x_wconf 88' lang='lat' dir='ltr'>lacte</span> <span class='ocrx_word' id='word_1_72' title='bbox 926 1406 1065 1495; x_wconf 79' lang='lat' dir='ltr'>Palem)3</span> 
     </span>
     <span class='ocr_line' id='line_1_13' title="bbox 175 1516 1010 1600; baseline -0.001 -19"><span class='ocrx_word' id='word_1_73' title='bbox 175 1534 190 1581; x_wconf 79' lang='grc'>1</span> <span class='ocrx_word' id='word_1_74' title='bbox 228 1516 302 1600; x_wconf 90' lang='lat' dir='ltr'>Ipse</span> <span class='ocrx_word' id='word_1_75' title='bbox 327 1519 582 1580; x_wconf 81' lang='lat' dir='ltr'>scram&#39;teneras</span> <span class='ocrx_word' id='word_1_76' title='bbox 606 1519 733 1579; x_wconf 89' lang='lat' dir='ltr'>maturo</span> <span class='ocrx_word' id='word_1_77' title='bbox 756 1518 903 1600; x_wconf 86' lang='lat' dir='ltr'>tempore</span> <span class='ocrx_word' id='word_1_78' title='bbox 926 1517 1010 1580; x_wconf 89' lang='lat' dir='ltr'>uites</span> 
     </span>
     <span class='ocr_line' id='line_1_14' title="bbox 273 1622 1007 1708; baseline -0.001 -20"><span class='ocrx_word' id='word_1_79' title='bbox 273 1623 429 1688; x_wconf 85' lang='lat' dir='ltr'>Rusticus</span> <span class='ocrx_word' id='word_1_80' title='bbox 453 1626 486 1686; x_wconf 88' lang='lat' dir='ltr'>et</span> <span class='ocrx_word' id='word_1_81' title='bbox 508 1622 596 1686; x_wconf 89' lang='lat' dir='ltr'>facili</span> <span class='ocrx_word' id='word_1_82' title='bbox 620 1622 756 1708; x_wconf 87' lang='lat' dir='ltr'>grandia</span> <span class='ocrx_word' id='word_1_83' title='bbox 779 1645 877 1706; x_wconf 90' lang='lat' dir='ltr'>poma</span> <span class='ocrx_word' id='word_1_84' title='bbox 900 1645 1007 1687; x_wconf 90' lang='lat' dir='ltr'>manu.</span> 
     </span>
     <span class='ocr_line' id='line_1_15' title="bbox 227 1726 1123 1813; baseline -0.001 -19"><span class='ocrx_word' id='word_1_85' title='bbox 227 1728 296 1794; x_wconf 88' lang='lat' dir='ltr'>Neo</span> <span class='ocrx_word' id='word_1_86' title='bbox 315 1726 395 1812; x_wconf 82' lang='lat' dir='ltr'>Spes</span> <span class='ocrx_word' id='word_1_87' title='bbox 419 1728 583 1812; x_wconf 87' lang='lat' dir='ltr'>destituat,</span> <span class='ocrx_word' id='word_1_88' title='bbox 607 1729 662 1792; x_wconf 91' lang='lat' dir='ltr'>sed</span> <span class='ocrx_word' id='word_1_89' title='bbox 685 1727 816 1813; x_wconf 83' lang='lat' dir='ltr'>frugum</span> <span class='ocrx_word' id='word_1_90' title='bbox 841 1750 967 1813; x_wconf 88' lang='lat' dir='ltr'>semper</span> <span class='ocrx_word' id='word_1_91' title='bbox 991 1752 1123 1795; x_wconf 90' lang='lat' dir='ltr'>aceruos</span> 
     </span>
     <span class='ocr_line' id='line_1_16' title="bbox 160 1834 998 1929; baseline 0.004 -31"><span class='ocrx_word' id='word_1_92' title='bbox 160 1851 192 1898; x_wconf 93' lang='lat'>10</span> <span class='ocrx_word' id='word_1_93' title='bbox 273 1834 434 1900; x_wconf 88' lang='lat' dir='ltr'>Praebeat</span> <span class='ocrx_word' id='word_1_94' title='bbox 457 1839 489 1899; x_wconf 89' lang='lat' dir='ltr'>et</span> <span class='ocrx_word' id='word_1_95' title='bbox 511 1835 608 1918; x_wconf 88' lang='lat' dir='ltr'>pleno</span> <span class='ocrx_word' id='word_1_96' title='bbox 631 1835 768 1929; x_wconf 83' lang='lat' dir='ltr'>pinguia</span> <span class='ocrx_word' id='word_1_97' title='bbox 789 1838 899 1899; x_wconf 90' lang='lat' dir='ltr'>musta</span> <span class='ocrx_word' id='word_1_98' title='bbox 917 1837 998 1901; x_wconf 89' lang='lat' dir='ltr'>lacu.</span> 
     </span>
     <span class='ocr_line' id='line_1_17' title="bbox 228 1940 1147 2031; baseline 0 -26"><span class='ocrx_word' id='word_1_99' title='bbox 228 1940 313 2006; x_wconf 90' lang='lat' dir='ltr'>Nam</span> <span class='ocrx_word' id='word_1_100' title='bbox 336 1963 489 2022; x_wconf 88' lang='lat' dir='ltr'>ueneror,</span> <span class='ocrx_word' id='word_1_101' title='bbox 513 1965 569 2006; x_wconf 90' lang='lat' dir='ltr'>seu</span> <span class='ocrx_word' id='word_1_102' title='bbox 588 1941 689 2026; x_wconf 86' lang='lat' dir='ltr'>stipes</span> <span class='ocrx_word' id='word_1_103' title='bbox 712 1941 813 2005; x_wconf 90' lang='lat' dir='ltr'>habet</span> <span class='ocrx_word' id='word_1_104' title='bbox 836 1943 980 2031; x_wconf 86' lang='lat' dir='ltr'>desertus</span> <span class='ocrx_word' id='word_1_105' title='bbox 1004 1942 1038 2005; x_wconf 93' lang='lat' dir='ltr'>in</span> <span class='ocrx_word' id='word_1_106' title='bbox 1058 1942 1147 2026; x_wconf 88' lang='lat' dir='ltr'>agris</span> 
     </span>
     <span class='ocr_line' id='line_1_18' title="bbox 274 2040 999 2132; baseline -0.003 -20"><span class='ocrx_word' id='word_1_107' title='bbox 274 2047 336 2112; x_wconf 83' lang='lat' dir='ltr'>Seu</span> <span class='ocrx_word' id='word_1_108' title='bbox 360 2054 453 2114; x_wconf 89' lang='lat' dir='ltr'>uetus</span> <span class='ocrx_word' id='word_1_109' title='bbox 477 2050 512 2114; x_wconf 92' lang='lat' dir='ltr'>in</span> <span class='ocrx_word' id='word_1_110' title='bbox 530 2048 628 2112; x_wconf 92' lang='lat' dir='ltr'>triuio</span> <span class='ocrx_word' id='word_1_111' title='bbox 652 2047 768 2112; x_wconf 90' lang='lat' dir='ltr'>florida</span> <span class='ocrx_word' id='word_1_112' title='bbox 792 2040 878 2112; x_wconf 74' lang='lat' dir='ltr'>serta</span> <span class='ocrx_word' id='word_1_113' title='bbox 901 2048 999 2132; x_wconf 89' lang='lat' dir='ltr'>lapis:</span> 
     </span>
     <span class='ocr_line' id='line_1_19' title="bbox 227 2154 1180 2239; baseline -0.001 -19"><span class='ocrx_word' id='word_1_114' title='bbox 227 2156 272 2220; x_wconf 85' lang='lat' dir='ltr'>Et</span> <span class='ocrx_word' id='word_1_115' title='bbox 295 2155 515 2239; x_wconf 89' lang='lat' dir='ltr'>quodcumque</span> <span class='ocrx_word' id='word_1_116' title='bbox 540 2154 620 2218; x_wconf 92' lang='lat' dir='ltr'>mihi</span> <span class='ocrx_word' id='word_1_117' title='bbox 642 2177 775 2238; x_wconf 91' lang='lat' dir='ltr'>pomum</span> <span class='ocrx_word' id='word_1_118' title='bbox 798 2176 903 2219; x_wconf 90' lang='lat' dir='ltr'>nouus</span> <span class='ocrx_word' id='word_1_119' title='bbox 927 2154 1041 2219; x_wconf 90' lang='lat' dir='ltr'>educat</span> <span class='ocrx_word' id='word_1_120' title='bbox 1064 2177 1180 2239; x_wconf 78' lang='lat' dir='ltr'>annuS,</span> 
     </span>
     <span class='ocr_line' id='line_1_20' title="bbox 274 2260 1010 2346; baseline -0.001 -21"><span class='ocrx_word' id='word_1_121' title='bbox 274 2260 427 2326; x_wconf 86' lang='lat' dir='ltr'>Libatum</span> <span class='ocrx_word' id='word_1_122' title='bbox 452 2262 628 2346; x_wconf 86' lang='lat' dir='ltr'>agricolam</span> <span class='ocrx_word' id='word_1_123' title='bbox 650 2261 784 2344; x_wconf 90' lang='lat' dir='ltr'>ponitur</span> <span class='ocrx_word' id='word_1_124' title='bbox 807 2265 881 2324; x_wconf 87' lang='lat' dir='ltr'>ante</span> <span class='ocrx_word' id='word_1_125' title='bbox 906 2262 1010 2326; x_wconf 89' lang='lat' dir='ltr'>deum.</span> 
     </span>
     <span class='ocr_line' id='line_1_21' title="bbox 159 2364 1044 2450; baseline 0 -20"><span class='ocrx_word' id='word_1_126' title='bbox 159 2382 191 2430; x_wconf 84' lang='lat'>15</span> <span class='ocrx_word' id='word_1_127' title='bbox 228 2366 332 2430; x_wconf 89' lang='lat' dir='ltr'>Flaua</span> <span class='ocrx_word' id='word_1_128' title='bbox 356 2364 461 2450; x_wconf 79' lang='lat' dir='ltr'>Ceres,</span> <span class='ocrx_word' id='word_1_129' title='bbox 484 2367 547 2431; x_wconf 90' lang='lat' dir='ltr'>tibi</span> <span class='ocrx_word' id='word_1_130' title='bbox 570 2366 608 2430; x_wconf 89' lang='lat' dir='ltr'>fit</span> <span class='ocrx_word' id='word_1_131' title='bbox 630 2369 741 2431; x_wconf 92' lang='lat' dir='ltr'>nostro</span> <span class='ocrx_word' id='word_1_132' title='bbox 765 2367 803 2430; x_wconf 88' lang='lat' dir='ltr'>de</span> <span class='ocrx_word' id='word_1_133' title='bbox 827 2389 901 2431; x_wconf 88' lang='lat' dir='ltr'>rure</span> <span class='ocrx_word' id='word_1_134' title='bbox 925 2388 1044 2432; x_wconf 90' lang='lat' dir='ltr'>corona</span> 
     </span>
     <span class='ocr_line' id='line_1_22' title="bbox 276 2471 1025 2557; baseline 0 -21"><span class='ocrx_word' id='word_1_135' title='bbox 276 2471 400 2557; x_wconf 82' lang='lat' dir='ltr'>Spicea,</span> <span class='ocrx_word' id='word_1_136' title='bbox 423 2495 504 2557; x_wconf 88' lang='lat' dir='ltr'>quae</span> <span class='ocrx_word' id='word_1_137' title='bbox 527 2473 642 2556; x_wconf 89' lang='lat' dir='ltr'>templi</span> <span class='ocrx_word' id='word_1_138' title='bbox 665 2473 805 2557; x_wconf 88' lang='lat' dir='ltr'>pendeat</span> <span class='ocrx_word' id='word_1_139' title='bbox 829 2477 903 2536; x_wconf 88' lang='lat' dir='ltr'>ante</span> <span class='ocrx_word' id='word_1_140' title='bbox 927 2473 1025 2556; x_wconf 71' lang='lat' dir='ltr'>fores,</span> 
     </span>
     <span class='ocr_line' id='line_1_23' title="bbox 227 2564 1047 2663; baseline 0 -21"><span class='ocrx_word' id='word_1_141' title='bbox 227 2578 439 2663; x_wconf 89' lang='lat' dir='ltr'>Pomosisque</span> <span class='ocrx_word' id='word_1_142' title='bbox 462 2568 559 2644; x_wconf 87' lang='lat' dir='ltr'>ruber</span> <span class='ocrx_word' id='word_1_143' title='bbox 583 2564 692 2644; x_wconf 88' lang='lat' dir='ltr'>custos</span> <span class='ocrx_word' id='word_1_144' title='bbox 716 2579 855 2644; x_wconf 91' lang='lat' dir='ltr'>donatur</span> <span class='ocrx_word' id='word_1_145' title='bbox 877 2581 911 2643; x_wconf 92' lang='lat' dir='ltr'>in</span> <span class='ocrx_word' id='word_1_146' title='bbox 934 2579 1047 2663; x_wconf 82' lang='lat' dir='ltr'>hortis,</span> 
     </span>
     <span class='ocr_line' id='line_1_24' title="bbox 272 2674 963 2770; baseline 0.003 -22"><span class='ocrx_word' id='word_1_147' title='bbox 272 2685 406 2750; x_wconf 82' lang='lat' dir='ltr'>Terreat</span> <span class='ocrx_word' id='word_1_148' title='bbox 428 2688 464 2749; x_wconf 92' lang='lat' dir='ltr'>ut</span> <span class='ocrx_word' id='word_1_149' title='bbox 489 2708 586 2750; x_wconf 90' lang='lat' dir='ltr'>saeua</span> <span class='ocrx_word' id='word_1_150' title='bbox 609 2674 692 2749; x_wconf 79' lang='lat' dir='ltr'>falce</span> <span class='ocrx_word' id='word_1_151' title='bbox 716 2681 854 2770; x_wconf 83' lang='lat' dir='ltr'>Pridpus</span> <span class='ocrx_word' id='word_1_152' title='bbox 879 2707 963 2750; x_wconf 91' lang='lat' dir='ltr'>aues.</span> 
     </span>
     <span class='ocr_line' id='line_1_25' title="bbox 228 2780 1143 2876; baseline -0.001 -22"><span class='ocrx_word' id='word_1_153' title='bbox 228 2789 297 2856; x_wconf 90' lang='lat' dir='ltr'>Uos</span> <span class='ocrx_word' id='word_1_154' title='bbox 321 2813 456 2876; x_wconf 91' lang='lat' dir='ltr'>quoquc,</span> <span class='ocrx_word' id='word_1_155' title='bbox 479 2780 580 2856; x_wconf 84' lang='lat' dir='ltr'>felicis</span> <span class='ocrx_word' id='word_1_156' title='bbox 606 2791 767 2874; x_wconf 91' lang='lat' dir='ltr'>quondam</span> <span class='ocrx_word' id='word_1_157' title='bbox 790 2814 875 2856; x_wconf 89' lang='lat' dir='ltr'>nunc</span> <span class='ocrx_word' id='word_1_158' title='bbox 898 2792 1049 2876; x_wconf 92' lang='lat' dir='ltr'>pauperis</span> <span class='ocrx_word' id='word_1_159' title='bbox 1073 2791 1143 2876; x_wconf 89' lang='lat' dir='ltr'>agri</span> 
     </span>
     <span class='ocr_line' id='line_1_26' title="bbox 157 2884 1106 2989; baseline 0.001 -28"><span class='ocrx_word' id='word_1_160' title='bbox 157 2913 191 2962; x_wconf 78' lang='lat'>20</span> <span class='ocrx_word' id='word_1_161' title='bbox 274 2896 442 2984; x_wconf 74' lang='lat' dir='ltr'>Custodes,</span> <span class='ocrx_word' id='word_1_162' title='bbox 461 2884 553 2964; x_wconf 83' lang='lat' dir='ltr'>fertis</span> <span class='ocrx_word' id='word_1_163' title='bbox 577 2921 712 2963; x_wconf 89' lang='lat' dir='ltr'>munera</span> <span class='ocrx_word' id='word_1_164' title='bbox 735 2903 855 2982; x_wconf 89' lang='lat' dir='ltr'>uestra,</span> <span class='ocrx_word' id='word_1_165' title='bbox 873 2898 981 2962; x_wconf 86' lang='lat' dir='ltr'>Lares.</span> <span class='ocrx_word' id='word_1_166' title='bbox 1105 2984 1106 2989; x_wconf 8' lang='grc' dir='ltr'>ἵ</span> 
     </span>
     <span class='ocr_line' id='line_1_27' title="bbox 229 3004 1140 3070; baseline -0.002 -1"><span class='ocrx_word' id='word_1_167' title='bbox 229 3004 319 3069; x_wconf 88' lang='lat' dir='ltr'>Tunc</span> <span class='ocrx_word' id='word_1_168' title='bbox 338 3004 442 3069; x_wconf 89' lang='lat' dir='ltr'>uitula</span> <span class='ocrx_word' id='word_1_169' title='bbox 464 3005 650 3070; x_wconf 90' lang='lat' dir='ltr'>innumeros</span> <span class='ocrx_word' id='word_1_170' title='bbox 673 3006 835 3069; x_wconf 89' lang='lat' dir='ltr'>lustrabat</span> <span class='ocrx_word' id='word_1_171' title='bbox 858 3027 952 3070; x_wconf 88' lang='lat' dir='ltr'>caesa</span> <span class='ocrx_word' id='word_1_172' title='bbox 974 3006 1140 3068; x_wconf 90' lang='lat' dir='ltr'>iuuencos:</span> 
     </span>
     <span class='ocr_line' id='line_1_28' title="bbox 273 3110 1024 3196; baseline -0.007 -20"><span class='ocrx_word' id='word_1_173' title='bbox 273 3110 367 3176; x_wconf 90' lang='lat' dir='ltr'>Nunc</span> <span class='ocrx_word' id='word_1_174' title='bbox 392 3132 478 3195; x_wconf 91' lang='lat' dir='ltr'>agna</span> <span class='ocrx_word' id='word_1_175' title='bbox 501 3113 609 3196; x_wconf 85' lang='lat' dir='ltr'>exigui</span> <span class='ocrx_word' id='word_1_176' title='bbox 629 3115 678 3175; x_wconf 88' lang='lat' dir='ltr'>est</span> <span class='ocrx_word' id='word_1_177' title='bbox 700 3112 809 3175; x_wconf 88' lang='lat' dir='ltr'>hostia</span> <span class='ocrx_word' id='word_1_178' title='bbox 831 3131 932 3192; x_wconf 89' lang='lat' dir='ltr'>parua</span> <span class='ocrx_word' id='word_1_179' title='bbox 956 3110 1024 3177; x_wconf 88' lang='lat' dir='ltr'>soli.</span> 
     </span>
     <span class='ocr_line' id='line_1_29' title="bbox 229 3215 1095 3311; baseline -0.001 -32"><span class='ocrx_word' id='word_1_180' title='bbox 229 3216 326 3300; x_wconf 88' lang='lat' dir='ltr'>Agna</span> <span class='ocrx_word' id='word_1_181' title='bbox 350 3215 436 3280; x_wconf 84' lang='lat' dir='ltr'>cadit</span> <span class='ocrx_word' id='word_1_182' title='bbox 459 3218 563 3311; x_wconf 84' lang='lat' dir='ltr'>uobis,</span> <span class='ocrx_word' id='word_1_183' title='bbox 585 3238 681 3299; x_wconf 89' lang='lat' dir='ltr'>quarn</span> <span class='ocrx_word' id='word_1_184' title='bbox 705 3217 825 3280; x_wconf 91' lang='lat' dir='ltr'>circum</span> <span class='ocrx_word' id='word_1_185' title='bbox 848 3216 970 3279; x_wconf 90' lang='lat' dir='ltr'>rustica</span> <span class='ocrx_word' id='word_1_186' title='bbox 992 3217 1095 3299; x_wconf 88' lang='lat' dir='ltr'>pubes</span> 
     </span>
     <span class='ocr_line' id='line_1_30' title="bbox 157 3320 996 3406; baseline 0.001 -22"><span class='ocrx_word' id='word_1_187' title='bbox 157 3338 190 3385; x_wconf 77' lang='grc'>64</span> <span class='ocrx_word' id='word_1_188' title='bbox 273 3320 400 3385; x_wconf 80' lang='lat' dir='ltr'>Clamet</span> <span class='ocrx_word' id='word_1_189' title='bbox 424 3321 474 3406; x_wconf 71' lang='lat' dir='ltr'>‘io</span> <span class='ocrx_word' id='word_1_190' title='bbox 492 3343 611 3385; x_wconf 88' lang='lat' dir='ltr'>messes</span> <span class='ocrx_word' id='word_1_191' title='bbox 636 3325 669 3384; x_wconf 89' lang='lat' dir='ltr'>et</span> <span class='ocrx_word' id='word_1_192' title='bbox 691 3322 779 3386; x_wconf 90' lang='lat' dir='ltr'>bona</span> <span class='ocrx_word' id='word_1_193' title='bbox 801 3320 879 3384; x_wconf 89' lang='lat' dir='ltr'>uina</span> <span class='ocrx_word' id='word_1_194' title='bbox 901 3320 996 3385; x_wconf 89' lang='lat' dir='ltr'>date&#39;.</span> 
     </span>
    </p>
   </div>
   <div class='ocr_carea' id='block_1_3' title="bbox 208 3556 1322 3641">
    <p class='ocr_par' dir='ltr' id='par_1_3' title="bbox 208 3556 1322 3641">
     <span class='ocr_line' id='line_1_31' title="bbox 208 3556 1322 3641; baseline 0 -20"><span class='ocrx_word' id='word_1_195' title='bbox 208 3567 276 3621; x_wconf 76' lang='lat' dir='ltr'>Vra.</span> <span class='ocrx_word' id='word_1_196' title='bbox 300 3587 372 3621; x_wconf 78' lang='grc'><strong>11661.</strong></span> <span class='ocrx_word' id='word_1_197' title='bbox 414 3572 448 3621; x_wconf 72' lang='grc'>17</span> <span class='ocrx_word' id='word_1_198' title='bbox 477 3566 598 3621; x_wconf 85' lang='lat' dir='ltr'>aestiuos</span> <span class='ocrx_word' id='word_1_199' title='bbox 624 3564 696 3618; x_wconf 86' lang='lat' dir='ltr'>ictus</span> <span class='ocrx_word' id='word_1_200' title='bbox 724 3565 866 3617; x_wconf 80' lang='lat' dir='ltr'>Bentleius</span> <span class='ocrx_word' id='word_1_201' title='bbox 893 3566 930 3618; x_wconf 87' lang='lat' dir='ltr'>ad</span> <span class='ocrx_word' id='word_1_202' title='bbox 954 3565 1023 3619; x_wconf 86' lang='lat' dir='ltr'>Hor.</span> <span class='ocrx_word' id='word_1_203' title='bbox 1047 3571 1098 3621; x_wconf 81' lang='lat' dir='ltr'>sat.</span> <span class='ocrx_word' id='word_1_204' title='bbox 1122 3568 1134 3619; x_wconf 91' lang='lat' dir='ltr'>I</span> <span class='ocrx_word' id='word_1_205' title='bbox 1158 3574 1182 3632; x_wconf 86' lang='lat'>6,</span> <span class='ocrx_word' id='word_1_206' title='bbox 1203 3572 1254 3621; x_wconf 80' lang='lat'>126</span> <span class='ocrx_word' id='word_1_207' title='bbox 1275 3572 1284 3641; x_wconf 71' lang='lat' dir='ltr'>l,</span> <span class='ocrx_word' id='word_1_208' title='bbox 1312 3556 1322 3611; x_wconf 71' lang='grc'>1</span> 
     </span>
    </p>
   </div>
   <div class='ocr_carea' id='block_1_4' title="bbox 138 3615 1328 3749">
    <p class='ocr_par' dir='ltr' id='par_1_4' title="bbox 138 3615 1328 3749">
     <span class='ocr_line' id='line_1_32' title="bbox 138 3615 1328 3749; baseline 0.002 -40"><span class='ocrx_word' id='word_1_209' title='bbox 138 3661 171 3709; x_wconf 77' lang='lat'>28</span> <span class='ocrx_word' id='word_1_210' title='bbox 190 3655 281 3710; x_wconf 91' lang='lat' dir='ltr'>riuom</span> <span class='ocrx_word' id='word_1_211' title='bbox 294 3655 404 3724; x_wconf 78' lang='lat' dir='ltr'>scripsi:</span> <span class='ocrx_word' id='word_1_212' title='bbox 419 3654 495 3708; x_wconf 89' lang='lat' dir='ltr'>riuos</span> <span class='ocrx_word' id='word_1_213' title='bbox 510 3658 529 3705; x_wconf 88' lang='lat'>0</span> <span class='ocrx_word' id='word_1_214' title='bbox 547 3653 614 3706; x_wconf 91' lang='lat' dir='ltr'>Par.</span> <span class='ocrx_word' id='word_1_215' title='bbox 629 3651 722 3705; x_wconf 85' lang='lat' dir='ltr'>riuum</span> <span class='ocrx_word' id='word_1_216' title='bbox 735 3653 918 3706; x_wconf 75' lang='lat' dir='ltr'>Burmannus</span> <span class='ocrx_word' id='word_1_217' title='bbox 931 3654 940 3721; x_wconf 90' lang='grc' dir='ltr'>ΙΙ</span> <span class='ocrx_word' id='word_1_218' title='bbox 954 3660 987 3707; x_wconf 79' lang='lat'>29</span> <span class='ocrx_word' id='word_1_219' title='bbox 1002 3653 1144 3709; x_wconf 80' lang='lat' dir='ltr'>bidentem</span> <span class='ocrx_word' id='word_1_220' title='bbox 1159 3662 1179 3708; x_wconf 79' lang='lat' dir='ltr'>G</span> <span class='ocrx_word' id='word_1_221' title='bbox 1196 3655 1281 3711; x_wconf 76' lang='lat' dir='ltr'>Pau:</span> <span class='ocrx_word' id='word_1_222' title='bbox 1314 3615 1328 3749; x_wconf 53' lang='lat' dir='ltr'>i,</span> 
     </span>
    </p>
   </div>
   <div class='ocr_carea' id='block_1_5' title="bbox 137 3741 1328 3817">
    <p class='ocr_par' dir='ltr' id='par_1_5' title="bbox 137 3741 1328 3817">
     <span class='ocr_line' id='line_1_33' title="bbox 137 3741 1328 3817; baseline 0 -19"><span class='ocrx_word' id='word_1_223' title='bbox 137 3744 265 3798; x_wconf 86' lang='lat' dir='ltr'>bidentes</span> <span class='ocrx_word' id='word_1_224' title='bbox 287 3748 310 3794; x_wconf 83' lang='lat' dir='ltr'>V</span> <span class='ocrx_word' id='word_1_225' title='bbox 332 3743 461 3796; x_wconf 87' lang='lat' dir='ltr'>ludentes</span> <span class='ocrx_word' id='word_1_226' title='bbox 484 3746 507 3793; x_wconf 86' lang='grc' dir='ltr'><strong>Δ</strong></span> <span class='ocrx_word' id='word_1_227' title='bbox 529 3743 539 3810; x_wconf 82' lang='grc' dir='ltr'>ΙΙ</span> <span class='ocrx_word' id='word_1_228' title='bbox 561 3748 594 3795; x_wconf 79' lang='grc'>32</span> <span class='ocrx_word' id='word_1_229' title='bbox 619 3741 722 3794; x_wconf 90' lang='lat' dir='ltr'>donum</span> <span class='ocrx_word' id='word_1_230' title='bbox 746 3746 768 3792; x_wconf 83' lang='lat' dir='ltr'>V</span> <span class='ocrx_word' id='word_1_231' title='bbox 790 3743 800 3811; x_wconf 85' lang='lat' dir='ltr'>t</span> <span class='ocrx_word' id='word_1_232' title='bbox 823 3747 857 3794; x_wconf 87' lang='grc'>34</span> <span class='ocrx_word' id='word_1_233' title='bbox 877 3744 956 3795; x_wconf 87' lang='lat' dir='ltr'>esto</span> <span class='ocrx_word' id='word_1_234' title='bbox 979 3743 1046 3798; x_wconf 89' lang='lat' dir='ltr'>Par.</span> <span class='ocrx_word' id='word_1_235' title='bbox 1070 3762 1099 3796; x_wconf 84' lang='lat' dir='ltr'>n:</span> <span class='ocrx_word' id='word_1_236' title='bbox 1123 3760 1173 3797; x_wconf 78' lang='lat' dir='ltr'>oua</span> <span class='ocrx_word' id='word_1_237' title='bbox 1193 3744 1281 3805; x_wconf 73' lang='lat' dir='ltr'>Fris..</span> <span class='ocrx_word' id='word_1_238' title='bbox 1324 3760 1328 3817; x_wconf 54' lang='lat'>¹,</span> 
     </span>
    </p>
   </div>
   <div class='ocr_carea' id='block_1_6' title="bbox 135 3840 1328 4362">
    <p class='ocr_par' dir='ltr' id='par_1_6' title="bbox 139 3840 1328 3938">
     <span class='ocr_line' id='line_1_34' title="bbox 139 3840 1328 3938; baseline 0.003 -19"><span class='ocrx_word' id='word_1_239' title='bbox 139 3867 207 3922; x_wconf 86' lang='lat' dir='ltr'>Par.</span> <span class='ocrx_word' id='word_1_240' title='bbox 222 3885 238 3932; x_wconf 78' lang='lat' dir='ltr'>p</span> <span class='ocrx_word' id='word_1_241' title='bbox 251 3869 261 3935; x_wconf 87' lang='grc' dir='ltr'>ΙΙ</span> <span class='ocrx_word' id='word_1_242' title='bbox 277 3874 290 3919; x_wconf 83' lang='grc'><strong>7</strong></span> <span class='ocrx_word' id='word_1_243' title='bbox 306 3865 395 3920; x_wconf 88' lang='lat' dir='ltr'>feram</span> <span class='ocrx_word' id='word_1_244' title='bbox 412 3866 480 3919; x_wconf 89' lang='lat' dir='ltr'>Par.</span> <span class='ocrx_word' id='word_1_245' title='bbox 495 3866 504 3933; x_wconf 86' lang='grc' dir='ltr'>ΙΙ</span> <span class='ocrx_word' id='word_1_246' title='bbox 519 3871 551 3918; x_wconf 93' lang='grc'>11</span> <span class='ocrx_word' id='word_1_247' title='bbox 566 3840 682 3920; x_wconf 69' lang='lat' dir='ltr'>vcncrdr</span> <span class='ocrx_word' id='word_1_248' title='bbox 696 3870 718 3916; x_wconf 78' lang='lat' dir='ltr'>G</span> <span class='ocrx_word' id='word_1_249' title='bbox 730 3869 740 3934; x_wconf 73' lang='grc' dir='ltr'>ΙΙ</span> <span class='ocrx_word' id='word_1_250' title='bbox 755 3871 787 3919; x_wconf 80' lang='lat'>12</span> <span class='ocrx_word' id='word_1_251' title='bbox 807 3865 906 3920; x_wconf 88' lang='lat' dir='ltr'>florida</span> <span class='ocrx_word' id='word_1_252' title='bbox 921 3872 952 3921; x_wconf 87' lang='lat'>0:</span> <span class='ocrx_word' id='word_1_253' title='bbox 972 3868 1058 3923; x_wconf 85' lang='lat' dir='ltr'>florea</span> <span class='ocrx_word' id='word_1_254' title='bbox 1072 3884 1088 3925; x_wconf 84' lang='grc' dir='ltr'><strong>ς</strong></span> <span class='ocrx_word' id='word_1_255' title='bbox 1101 3870 1110 3938; x_wconf 88' lang='grc' dir='ltr'>ΙΙ</span> <span class='ocrx_word' id='word_1_256' title='bbox 1126 3875 1157 3922; x_wconf 89' lang='grc'>13</span> <span class='ocrx_word' id='word_1_257' title='bbox 1175 3869 1280 3923; x_wconf 90' lang='lat' dir='ltr'>donum</span> <span class='ocrx_word' id='word_1_258' title='bbox 1327 3868 1328 3872; x_wconf 69' lang='grc'>’</span> 
     </span>
    </p>

    <p class='ocr_par' dir='ltr' id='par_1_7' title="bbox 136 3954 1279 4026">
     <span class='ocr_line' id='line_1_35' title="bbox 136 3954 1279 4026; baseline 0.002 -19"><span class='ocrx_word' id='word_1_259' title='bbox 136 3955 170 4012; x_wconf 82' lang='lat' dir='ltr'>L.</span> <span class='ocrx_word' id='word_1_260' title='bbox 191 3956 365 4024; x_wconf 76' lang='lat' dir='ltr'>Muellerusll</span> <span class='ocrx_word' id='word_1_261' title='bbox 385 3961 417 4008; x_wconf 88' lang='grc'>14</span> <span class='ocrx_word' id='word_1_262' title='bbox 441 3954 595 4024; x_wconf 84' lang='lat' dir='ltr'>agricolam</span> <span class='ocrx_word' id='word_1_263' title='bbox 614 3985 647 3992; x_wconf 96' lang='lat'>-</span> <span class='ocrx_word' id='word_1_264' title='bbox 667 3955 750 4008; x_wconf 85' lang='lat' dir='ltr'>deum</span> <span class='ocrx_word' id='word_1_265' title='bbox 771 3955 904 4009; x_wconf 84' lang='lat' dir='ltr'>Puca&#39;us:</span> <span class='ocrx_word' id='word_1_266' title='bbox 923 3956 1085 4026; x_wconf 72' lang='lat' dir='ltr'>agricollale</span> <span class='ocrx_word' id='word_1_267' title='bbox 1103 3987 1138 3994; x_wconf 90' lang='lat'>—</span> <span class='ocrx_word' id='word_1_268' title='bbox 1157 3957 1240 4010; x_wconf 88' lang='lat' dir='ltr'>deum</span> <span class='ocrx_word' id='word_1_269' title='bbox 1261 3964 1279 4009; x_wconf 90' lang='grc' dir='ltr'>ο</span> 
     </span>
    </p>

    <p class='ocr_par' dir='ltr' id='par_1_8' title="bbox 136 4041 1281 4112">
     <span class='ocr_line' id='line_1_36' title="bbox 136 4041 1281 4112; baseline 0.003 -15"><span class='ocrx_word' id='word_1_270' title='bbox 136 4042 276 4112; x_wconf 80' lang='lat' dir='ltr'>agricolae</span> <span class='ocrx_word' id='word_1_271' title='bbox 300 4073 333 4081; x_wconf 86' lang='lat'>—</span> <span class='ocrx_word' id='word_1_272' title='bbox 357 4041 409 4096; x_wconf 90' lang='lat' dir='ltr'>deo</span> <span class='ocrx_word' id='word_1_273' title='bbox 432 4043 561 4097; x_wconf 81' lang='lat' dir='ltr'>Muretus</span> <span class='ocrx_word' id='word_1_274' title='bbox 583 4044 592 4111; x_wconf 81' lang='grc' dir='ltr'>ΙΙ</span> <span class='ocrx_word' id='word_1_275' title='bbox 618 4048 650 4096; x_wconf 78' lang='lat'>15</span> <span class='ocrx_word' id='word_1_276' title='bbox 674 4043 706 4096; x_wconf 88' lang='lat' dir='ltr'>fit</span> <span class='ocrx_word' id='word_1_277' title='bbox 728 4043 893 4112; x_wconf 77' lang='lat' dir='ltr'>Lambinus,</span> <span class='ocrx_word' id='word_1_278' title='bbox 916 4046 950 4100; x_wconf 90' lang='lat' dir='ltr'>L.</span> <span class='ocrx_word' id='word_1_279' title='bbox 974 4045 1136 4111; x_wconf 82' lang='lat' dir='ltr'>Fraterius,</span> <span class='ocrx_word' id='word_1_280' title='bbox 1161 4061 1218 4112; x_wconf 76' lang='lat' dir='ltr'>eqo:</span> <span class='ocrx_word' id='word_1_281' title='bbox 1244 4047 1281 4100; x_wconf 87' lang='lat' dir='ltr'>sit</span> 
     </span>
    </p>

    <p class='ocr_par' dir='ltr' id='par_1_9' title="bbox 137 4130 1328 4233">
     <span class='ocr_line' id='line_1_37' title="bbox 137 4130 1328 4233; baseline 0.005 -51"><span class='ocrx_word' id='word_1_282' title='bbox 137 4135 155 4182; x_wconf 93' lang='lat'>0</span> <span class='ocrx_word' id='word_1_283' title='bbox 179 4133 188 4199; x_wconf 78' lang='lat' dir='ltr'>{l</span> <span class='ocrx_word' id='word_1_284' title='bbox 212 4137 244 4185; x_wconf 79' lang='lat'>17</span> <span class='ocrx_word' id='word_1_285' title='bbox 272 4131 366 4184; x_wconf 84' lang='lat' dir='ltr'>Ruber</span> <span class='ocrx_word' id='word_1_286' title='bbox 397 4131 457 4185; x_wconf 86' lang='lat' dir='ltr'>bab.</span> <span class='ocrx_word' id='word_1_287' title='bbox 487 4130 564 4185; x_wconf 80' lang='lat' dir='ltr'>Fris.</span> <span class='ocrx_word' id='word_1_288' title='bbox 589 4133 593 4200; x_wconf 87' lang='grc' dir='ltr'>Ι</span> <span class='ocrx_word' id='word_1_289' title='bbox 619 4131 738 4186; x_wconf 87' lang='lat' dir='ltr'>donatur</span> <span class='ocrx_word' id='word_1_290' title='bbox 769 4132 934 4199; x_wconf 81' lang='lat' dir='ltr'>Lambinus,</span> <span class='ocrx_word' id='word_1_291' title='bbox 966 4133 1000 4186; x_wconf 88' lang='lat' dir='ltr'>L.</span> <span class='ocrx_word' id='word_1_292' title='bbox 1028 4132 1190 4200; x_wconf 82' lang='lat' dir='ltr'>Fruten&#39;us,</span> <span class='ocrx_word' id='word_1_293' title='bbox 1219 4151 1278 4201; x_wconf 79' lang='lat' dir='ltr'>epo:</span> <span class='ocrx_word' id='word_1_294' title='bbox 1311 4154 1328 4233; x_wconf 62' lang='lat' dir='ltr'>q</span> 
     </span>
    </p>

    <p class='ocr_par' dir='ltr' id='par_1_10' title="bbox 135 4217 1328 4362">
     <span class='ocr_line' id='line_1_38' title="bbox 135 4217 1328 4293; baseline 0 -21"><span class='ocrx_word' id='word_1_295' title='bbox 135 4220 257 4287; x_wconf 86' lang='lat' dir='ltr'>ponatur</span> <span class='ocrx_word' id='word_1_296' title='bbox 280 4223 299 4270; x_wconf 88' lang='lat'>0</span> <span class='ocrx_word' id='word_1_297' title='bbox 321 4220 331 4288; x_wconf 84' lang='grc' dir='ltr'>ΙΙ</span> <span class='ocrx_word' id='word_1_298' title='bbox 354 4223 387 4271; x_wconf 85' lang='grc'>19</span> <span class='ocrx_word' id='word_1_299' title='bbox 411 4217 501 4272; x_wconf 89' lang='lat' dir='ltr'>felicis</span> <span class='ocrx_word' id='word_1_300' title='bbox 525 4223 586 4273; x_wconf 74' lang='lat' dir='ltr'>GV:</span> <span class='ocrx_word' id='word_1_301' title='bbox 615 4219 710 4274; x_wconf 88' lang='lat' dir='ltr'>felices</span> <span class='ocrx_word' id='word_1_302' title='bbox 733 4224 756 4271; x_wconf 85' lang='grc' dir='ltr'><strong>Δ</strong></span> <span class='ocrx_word' id='word_1_303' title='bbox 779 4221 788 4288; x_wconf 76' lang='grc' dir='ltr'>ΙΙ</span> <span class='ocrx_word' id='word_1_304' title='bbox 812 4225 844 4272; x_wconf 75' lang='lat'>23</span> <span class='ocrx_word' id='word_1_305' title='bbox 869 4218 945 4273; x_wconf 88' lang='lat' dir='ltr'>cadit</span> <span class='ocrx_word' id='word_1_306' title='bbox 976 4220 1088 4287; x_wconf 80' lang='lat' dir='ltr'>scripsi:</span> <span class='ocrx_word' id='word_1_307' title='bbox 1118 4221 1200 4274; x_wconf 83' lang='lat' dir='ltr'>cadet</span> <span class='ocrx_word' id='word_1_308' title='bbox 1227 4227 1245 4272; x_wconf 91' lang='lat'>0</span> <span class='ocrx_word' id='word_1_309' title='bbox 1270 4225 1279 4293; x_wconf 67' lang='lat' dir='ltr'>l}</span> <span class='ocrx_word' id='word_1_310' title='bbox 1324 4245 1328 4287; x_wconf 63' lang='lat'>4</span> 
     </span>
     <span class='ocr_line' id='line_1_39' title="bbox 135 4306 340 4362; baseline -0.005 -2"><span class='ocrx_word' id='word_1_311' title='bbox 135 4306 340 4362; x_wconf 67' lang='lat' dir='ltr'>acclamas</span> 
     </span>
    </p>
   </div>
   <div class='ocr_carea' id='block_1_7' title="bbox 0 0 1434 4994">
    <p class='ocr_par' dir='ltr' id='par_1_11' title="bbox 0 0 1434 4994">
     <span class='ocr_line' id='line_1_40' title="bbox 0 0 1434 4994; baseline 0 2"><span class='ocrx_word' id='word_1_312' title='bbox 0 0 1434 4994; x_wconf 95' lang='lat' dir='ltr'> </span> 
     </span>
    </p>
   </div>
  </div>
 </body>
</html>
