2858 4994
136 190 218 244 XXH
570 190 853 246 PROLEGOMENA.

140 357 173 418 et
197 352 355 419 eiusmodi
378 352 524 418 minutiis
549 376 582 418 se
601 354 775 438 continuit,
800 354 856 418 sed
881 357 978 420 etiam
1003 357 1154 421 criticum
1180 358 1293 422 multis

139 460 218 526 locis
242 462 311 546 egit
328 460 503 545 redigendo
526 461 560 524 in
579 461 722 545 aliquam
740 460 878 526 formam
900 484 938 526 ea
958 483 1038 546 quae
1057 462 1093 526 in
1112 464 1295 548 exemplari

58 575 62 582 ’
140 568 207 633 sine
239 571 373 652 propter
404 570 601 632 uetustatem
638 567 769 632 omnino
807 568 872 652 legi
902 569 1080 653 nequibant
1118 569 1190 634 siue
1224 592 1296 635 cor·

139 673 275 757 ruptelis
299 673 478 739 deformata
496 673 615 738 litteris
636 695 732 738 sensu
751 674 937 758 expertibus
962 674 1168 759 constabant,
1192 676 1295 741 inter-

140 780 216 844 dum
245 780 344 845 etiam
373 801 517 867 eaquae
544 802 611 844 non
633 780 844 865 intellegebat
866 780 967 845 libere
995 781 1161 847 mutando.
1210 783 1296 849 haec

140 887 365 971 supplementa
397 890 429 952 et
461 887 731 969 interpolationes
764 909 836 951 cum
870 909 965 972 saepe
998 888 1032 951 in
1066 891 1181 971 aperto
1217 890 1295 976 sint,

141 1016 237 1078 saepe
260 997 369 1058 tamen
392 993 578 1058 etiamnunc
601 992 689 1057 uiros
713 991 825 1057 doctos
848 993 976 1058 fallunt.
1008 994 1111 1058 sicin
1135 995 1183 1059 eis
1209 1018 1294 1081 quae

137 1100 154 1165 I
177 1101 212 1185 2,
235 1099 472 1186 251eg1mtur:

271 1241 324 1307 En
347 1264 407 1328 ego
432 1264 505 1308 cum
527 1242 671 1307 tenebris
695 1246 767 1307 tota
789 1263 891 1325 uagor
915 1244 1028 1307 anxius
1052 1245 1130 1308 urbe

137 1385 219 1449 illud
232 1383 381 1468 ‘anxius’,
399 1384 554 1470 quidquid
573 1384 684 1448 dicunt
702 1382 905 1466 interpretes,
925 1388 1111 1468 corruptum
1127 1389 1186 1450 est.
1211 1409 1292 1451 nam

109 1504 113 1509 ’
139 1513 242 1575 neque
266 1513 304 1555 ea
327 1513 423 1575 quam
443 1489 561 1555 adlatis
585 1489 739 1573 exemplis
763 1489 876 1554 alienis
902 1491 1034 1555 subesse
1053 1492 1169 1555 uolunt
1188 1494 1292 1577 signi-

139 1597 247 1662 ficatio
266 1597 377 1684 (buris
397 1597 516 1662 amoris
536 1593 721 1682 sollicitus')
744 1596 856 1660 subest
874 1618 978 1681 neque
998 1598 1128 1663 omnino
1146 1601 1292 1664 uocabu-

138 1705 206 1769 lum
229 1705 271 1769 ob
291 1703 458 1768 uitandam
482 1701 729 1787 ambiguitatem
753 1702 900 1768 adhiberi
921 1703 1038 1787 potuit,
1061 1704 1180 1788 quippe
1201 1708 1292 1790 quod

139 1833 235 1877 nemo
258 1833 333 1897 non
348 1811 508 1894 acciperet
530 1831 589 1894 pro
614 1807 786 1893 metuens,
814 1808 974 1895 timidus’3
1006 1809 1039 1874 id
1063 1812 1148 1895 quod
1173 1817 1291 1896 aperta

138 1919 246 1984 fronte
269 1920 430 2002 repugnat
452 1919 568 2001 poetae
592 1916 781 1981 sententiae.
823 1937 879 1980 cur
903 1919 1011 1982 autem
1034 1922 1105 1983 tota
1127 1919 1207 1984 urbe
1233 1946 1290 1987 ua-

139 2027 236 2109 gatur
260 2023 432 2089 Tibullus?
466 2023 621 2088 nimirum
645 2045 755 2088 amore
778 2022 904 2106 furens3
941 2023 981 2087 ef.
1000 2024 1164 2110 Vergilius
1191 2027 1290 2109 [Aen.

138 2130 186 2196 IV
210 2132 267 2214 68]
293 2130 409 2195 ‘uritur
435 2130 549 2195 infelix
571 2127 656 2193 Dido
680 2132 812 2214 totaque
837 2133 976 2213 uagatur
999 2130 1078 2195 urbe
1102 2132 1226 2198 furens'
1257 2142 1291 2202 et

140 2237 234 2319 [Aen.
261 2236 309 2302 IV
338 2236 416 2316 300]
450 2235 567 2300 ‘saeuit
598 2236 694 2318 inops
729 2235 829 2299 animi
862 2239 1030 2320 totamque
1063 2239 1197 2304 incensa
1228 2264 1291 2326 per

138 2343 251 2408 urbem
275 2341 477 2426 bacchatur’;
513 2344 547 2405 et
571 2341 721 2409 similiter
743 2341 813 2425 ipse
837 2342 986 2407 Tibullus
1012 2344 1040 2426 [l
1065 2344 1099 2423 5,
1123 2346 1157 2426 3]
1184 2345 1290 2413 ‘nam-

140 2472 201 2536 que
225 2469 305 2536 agor
328 2451 366 2513 ut
388 2470 445 2532 per
463 2448 563 2533 plana
585 2448 669 2513 citus
694 2448 763 2512 sola
780 2450 912 2513 uerbere
932 2450 1069 2515 turben'.
1102 2451 1183 2516 dixit
1207 2477 1290 2541 ergo

139 2555 288 2621 Tibullus
310 2555 377 2620 tale
401 2555 539 2641 aliquid:
564 2553 646 2620 ‘tota
669 2576 772 2640 uagor
795 2558 907 2622 incitas
929 2557 1029 2623 urbe’.
1064 2559 1140 2643 quid
1158 2560 1290 2646 igitur?

137 2685 245 2728 nonno
267 2661 404 2728 ‘anxius’
421 2662 602 2746 repositum
621 2662 763 2727 dicemus
789 2663 830 2728 ab
850 2685 887 2728 eo
908 2665 963 2749 qui
983 2665 1151 2751 archetypi
1170 2668 1289 2735 ductus

138 2771 294 2849 euanidos
323 2773 494 2853 utcumque
522 2769 714 2833 resuscitare
744 2769 912 2834 studeret?
942 2808 976 2817 -
1004 2773 1107 2837 altero
1137 2776 1289 2859 exemplo

137 2899 205 2942 rem
228 2877 420 2942 inlustrab0.
464 2877 482 2942 I
504 2876 539 2962 5,
563 2876 606 2941 65
630 2900 676 2963 sq.
698 2877 778 2942 haec
801 2881 928 2943 extant:

297 3020 425 3103 Pauper
449 3019 489 3083 ad
513 3019 656 3084 occultos
680 3019 792 3084 furtim
814 3020 950 3086 deducet
973 3023 1095 3087 amicos

341 3126 519 3210 Vinclaque
543 3125 581 3189 de
604 3126 701 3190 niueo
726 3125 875 3192 detrahet
896 3127 966 3211 ipse
989 3129 1079 3227 pede.

137 3272 268 3336 fuerunt
290 3269 365 3334 inde
389 3292 408 3334 a
432 3269 559 3334 saeculo
578 3267 641 3332 XV
660 3269 748 3333 docti
770 3270 922 3334 nonnulli
946 3271 1003 3353 qui
1024 3272 1104 3337 haec
1128 3273 1162 3338 in
1181 3278 1285 3358 suspi-

136 3378 260 3442 tionem
281 3379 450 3460 uocarent,
472 3375 653 3441 rectissimo
676 3376 727 3440 illi
750 3399 846 3441 sensu
870 3377 966 3442 ducti.
1009 3401 1086 3444 nam
1109 3381 1163 3466 qui
1186 3382 1285 3448 modo

137 3486 245 3549 lenam
267 3487 336 3549 tam
360 3484 477 3548 acriter
500 3487 664 3548 execratus
688 3487 819 3569 tamque
846 3486 960 3549 acerbe
984 3484 1023 3548 de
1047 3485 1146 3550 diuite
1170 3487 1284 3553 Deliae

137 3697 169 3750 ut
187 3695 261 3750 uidit
277 3696 460 3763 Burmannus,
479 3712 609 3750 numerus
628 3694 778 3765 singularis
799 3695 924 3765 ‘riuum',
943 3713 1034 3752 nonne
1052 3696 1147 3766 potins
1167 3697 1281 3752 ‘riuom’

137 3785 308 3840 scribemus?
345 3783 449 3853 requiri
467 3784 562 3838 antem
580 3782 761 3854 singularem,
785 3800 829 3838 res
848 3787 925 3839 certa
943 3787 992 3840 est.
1030 3803 1095 3840 nam
1115 3785 1164 3855 qui
1184 3787 1281 3842 ‘riuos'

136 3874 279 3944 explicant
298 3872 415 3926 ‘riuulos
433 3872 538 3941 passim
556 3889 607 3942 per
621 3873 734 3928 hortum
753 3873 883 3943 sparsos'‚
903 3873 1106 3930 obliuiscuntur
1122 3875 1220 3932 unicae
1238 3893 1282 3930 ar-

136 3962 211 4032 bori,
239 3963 289 4016 sub
314 3978 370 4030 qua
391 3961 471 4016 humi
494 3963 613 4016 stratum
636 3979 664 4016 se
687 3962 769 4032 fingit
794 3964 891 4032 poeta,
919 3962 1033 4018 unicum
1056 3982 1167 4034 quoque
1189 3964 1282 4021 riuum

138 4055 299 4119 conuenire3
327 4068 417 4120 neque
440 4050 522 4107 aliter
544 4052 638 4107 hercle
662 4053 713 4105 aut
734 4052 879 4106 Lucretius
899 4053 923 4106 V
947 4059 1016 4108 1393
1041 4055 1167 4130 ‘propter
1191 4070 1281 4123 aquae

137 4143 227 4197 rinom
250 4143 300 4197 sub
324 4141 408 4195 ramis
431 4140 538 4196 arboris
559 4141 645 4196 altae’
665 4142 715 4195 aut
732 4141 755 4194 is
773 4141 822 4209 qui
842 4140 966 4196 Culicem
985 4143 1097 4212 scripsit
1115 4162 1141 4197 u.
1161 4149 1212 4197 390
1234 4142 1281 4196 ‘ri-

136 4250 205 4285 uum
222 4233 336 4300 propter
359 4247 449 4299 aquae
471 4229 556 4285 uiridi
579 4230 629 4284 sub
649 4229 747 4284 fronde
766 4229 914 4284 latentem'
935 4233 985 4287 aut
1008 4232 1082 4300 siqui
1100 4231 1151 4286 alii
1170 4232 1223 4285 hac
1241 4232 1281 4284 lo·

45 4309 49 4319 ’
137 4319 247 4374 cutione
266 4319 330 4373 sunt
348 4319 398 4374 usi.
