2858 4994
544 263 688 318 TIBULLI
707 265 774 320 LIB.
793 265 828 319 Il.
844 272 868 322 6.
899 274 904 290 ·“

278 423 349 500 Qua
371 388 431 487 bna
455 423 494 487 de
517 427 605 490 caelo
629 427 787 510 prospicit
810 450 888 525 arua
912 426 1018 512 Ceres,

232 529 365 613 Quaque
388 534 504 613 patent
527 520 617 596 ortus
642 538 675 597 et
698 555 761 617 qua
783 533 986 598 fluitantibus
1009 534 1104 599 undis

158 653 192 700 66
278 635 364 700 Solis
388 637 577 702 anhelantes
601 638 704 703 abluit
728 624 831 704 ambis
856 662 963 724 equos.

232 743 331 807 Troia
355 743 482 826 quidem
506 748 582 809 tunc
607 768 640 810 se
665 746 835 810 mirabitur
858 751 891 810 et
915 747 977 811 sibi
1001 747 1085 811 dicet

249 849 345 936 ,Uos
368 850 450 913 bene
474 854 541 914 tam
564 852 665 936 longa
688 852 887 917 consuluisse
911 855 974 918 uia.

230 957 318 1022 Uera
341 977 435 1022 cano:
460 957 507 1019 sic
530 978 631 1040 usque
655 981 763 1022 sacras
786 959 918 1024 innoxia
940 955 1051 1024 laurus

276 1063 408 1147 Uescar,
431 1067 463 1127 et
486 1067 651 1128 aeternum
677 1065 719 1129 sit
741 1066 822 1130 mihi
845 1065 1037 1151 uirginitas?

157 1185 192 1232 65
232 1169 334 1250 [Haec
358 1171 475 1234 cecinit
497 1174 588 1235 uates
612 1173 645 1234 et
667 1174 700 1234 te
724 1172 795 1255 sibi,
814 1171 952 1256 Phoebe,
975 1174 1114 1256 uocauit,

274 1276 413 1341 Iactauit
435 1264 582 1342 fusas²et
606 1268 703 1362 caput
727 1283 802 1344 ante
827 1301 944 1344 comas.

232 1381 389 1467 Quicquid
414 1383 595 1468 Amalthea,
620 1385 771 1468 quicquid
794 1384 956 1468 Marpesia
978 1385 1060 1451 dixit

274 1488 460 1574 Herophilo,
482 1490 608 1555 Phoeto
633 1489 733 1587 Graia
756 1492 842 1576 quod
866 1492 1042 1576 admonuit,

230 1595 380 1681 Quasque
404 1586 532 1661 Aniena
556 1582 807 1662 sacras'Tiburs
830 1620 888 1680 per
910 1597 1044 1661 flumina
1068 1602 1170 1663 sortes

130 1768 135 1775 ,
157 1720 192 1767 70
274 1701 418 1768 Portarit
440 1704 525 1768 sicco
548 1704 781 1786 pertuleritque
805 1706 886 1788 sinu,

229 1808 333 1891 (Haec
355 1806 425 1876 fore
449 1809 598 1875 dixerunt
621 1811 699 1874 belli
722 1812 809 1874 mala
832 1811 926 1895 signa
949 1816 1104 1895 cometen,

275 1916 397 1981 Multus
422 1920 458 1981 ut
481 1919 516 1981 in
540 1921 644 1981 terras
670 1917 897 2002 deplueretque
921 1918 1017 2002 lapis3

230 2021 336 2106 Atque
359 2024 455 2088 tubas
479 2027 575 2106 atque
600 2045 690 2086 arma
707 2022 823 2115 ¹ferunt
846 2025 1054 2106 strepitantia
1077 2024 1166 2089 eaelo

275 2129 396 2194 Audita
419 2134 452 2195 et
475 2131 566 2195 lucos
590 2112 808 2213 praecinuisse
833 2130 958 2214 fugam3

158 2251 191 2300 76
231 2235 341 2318 lpsum
365 2238 462 2301 etiam
487 2235 594 2302 Solem
619 2235 778 2300 defectum
802 2237 924 2301 lumine
948 2238 1030 2301 uidit

273 2343 412 2428 Iungere
435 2345 594 2427 pallentes
618 2326 747 2408 nubilus
770 2338 874 2407 annus
899 2366 997 2428 equos

229 2447 274 2512 Et
296 2451 467 2516 simulacra
490 2452 583 2515 deum
607 2451 757 2515 lacrimas
780 2450 903 2514 fudisse
924 2454 1071 2534 tepentes

273 2555 417 2643 Fataque
440 2546 580 2622 uocales¹
593 2557 834 2641 praemonuisse
857 2556 987 2642 boues):

229 2661 319 2727 Haec
342 2664 471 2728 fuerant
495 2664 581 2727 olim.
611 2662 666 2726 sed
689 2666 725 2726 tu
748 2662 814 2726 iam
838 2662 939 2745 mitisg
959 2662 1090 2746 Apollo,

156 2785 192 2833 80
272 2768 427 2855 Prodigia
450 2769 617 2835 indomitis
641 2790 750 2853 merge
774 2769 833 2833 sub
858 2770 1074 2853 aequoribus]

442 2921 459 2958 a
674 2876 691 2913 ἧς
906 2923 923 2959 alt

229 2983 273 3047 Et
296 3005 449 3048 succensa
472 2983 573 3048 sacris
597 2983 733 3065 crepitet
756 2981 837 3046 bene
856 2981 966 3044 laurea
988 2982 1137 3063 fiammin,

210 3141 278 3195 Vra.
293 3162 366 3195 naeu.
395 3146 428 3194 68
438 3137 552 3208 respicit
561 3144 589 3192 G.
599 3156 637 3192 en
646 3136 791 3206 despicit?
804 3140 814 3206 11
829 3144 861 3192 60
871 3137 1051 3192 rutilantibus
1062 3136 1091 3193 J.
1108 3137 1144 3192 H.
1156 3137 1284 3207 Vossiusl}

139 3237 171 3283 61
197 3231 257 3283 tum
282 3234 304 3280 G
326 3231 335 3299 11
359 3236 392 3282 62
416 3227 561 3298 longa-uia
584 3226 720 3295 Sceliqcr:
748 3225 952 3294 longam-uiam
981 3231 999 3278 0
1023 3228 1033 3294 11
1056 3233 1088 3279 63
1113 3226 1206 3280 lauros
1230 3230 1252 3276 G
1276 3228 1283 3296 1

138 3325 173 3372 64
192 3319 298 3373 Ueecar
315 3323 338 3369 v
356 3335 407 3388 mp.
427 3336 460 3371 m.
481 3325 509 3371 2:
534 3318 640 3372 Nooear
658 3321 681 3367 A
699 3315 805 3370 Noscat
823 3321 872 3368 GV
890 3334 924 3371 m.
946 3322 960 3369 1
979 3319 988 3385 11
1007 3321 1122 3371 65-80
1145 3321 1176 3369 ut
1198 3317 1283 3370 inter-

133 3408 245 3476 polatos
263 3408 364 3461 inclusi
377 3409 387 3476 11
402 3413 434 3460 67
455 3405 596 3474 marpesia
615 3409 646 3457 0:
666 3404 820 3472 Marpessia
839 3405 923 3473 culpo
946 3404 1110 3458 Mermessia
1129 3403 1283 3458 Salmasius

138 3511 223 3549 66666,
243 3493 319 3551 Rliu.
340 3497 444 3563 781168
464 3493 599 3563 llryphile
618 3498 639 3544 G
657 3493 803 3561 Heriphile
817 3498 863 3544 AV
879 3496 882 3561 1
899 3494 1004 3548 Phoeto
1025 3493 1109 3546 Graia
1128 3493 1283 3547 Lachman-

137 3600 192 3637 nus
215 3585 293 3652 apud
315 3583 476 3637 Discenen:
504 3581 615 3651 phoebo
640 3582 722 3650 grata
746 3585 764 3631 0
788 3581 879 3649 Phyto
904 3583 985 3649 grata
1009 3581 1187 3650 Husclrtiusl
1208 3581 1283 3650 quod

138 3671 285 3725 admonuit
299 3677 340 3724 0:·
350 3688 415 3739 ·que
431 3669 506 3738 quod
519 3667 629 3723 monuit
642 3683 659 3725 ς
673 3670 682 3737 11
696 3675 729 3722 69
746 3669 874 3736 Quasque
889 3674 922 3722 G:
939 3669 1073 3736 Quodque
1088 3673 1138 3720 AV
1154 3670 1158 3739 1
1174 3671 1284 3725 Aniena

138 3760 224 3837 itali:
244 3759 346 3813 albana
366 3764 384 3810 0
403 3759 515 3812 Albuna
529 3756 652 3825 Sculiper
668 3760 672 3825 1
689 3757 789 3810 Tiburs
805 3757 889 3811 Itali:
907 3757 1005 3810 tiberis
1020 3762 1038 3809 0
1053 3759 1062 3826 11
1077 3763 1111 3811 70
1125 3760 1283 3827 pertulerit·

138 3864 192 3915 que
212 3862 242 3904 s:
266 3846 454 3916 perlueritque
479 3851 497 3897 0
522 3845 657 3913 Portauit‚
685 3862 706 3897 s.
725 3844 842 3913 pertulit
864 3845 947 3913 inque
971 3845 1033 3899 sinu
1052 3846 1188 3916 Hepuc'us,
1215 3853 1283 3901 recte

134 3938 275 4005 66661171
295 3936 356 4008 Heu
375 3941 396 3987 G
414 3936 473 3989 Hee
492 3938 554 3987 AV:
574 3934 634 3987 Hae
653 3935 736 4002 culpo
753 3936 756 3998 Ι
772 3933 906 4002 forciore
922 3939 943 3985 G
959 3935 963 4001 1
980 3936 1106 3988 cometen
1121 3939 1154 3988 G:
1175 3938 1282 3989 comete

139 4029 162 4076 Δ
182 4026 318 4079 cometem
336 4026 429 4093 0172
448 4010 545 4094 Multis
561 4028 582 4074 6
598 4024 649 4088 166
666 4040 696 4089 g:
712 4024 774 4076 eto
792 4025 795 4091 1
812 4022 930 4077 terrisG
946 4024 950 4089 1
967 4022 1166 4091 deplueretque
1185 4037 1214 4079 s:
1236 4023 1282 4076 do-

139 4111 299 4182 plueritquc
318 4116 367 4163 AG
386 4111 580 4180 depuleritque
599 4116 635 4177 V;
654 4112 718 4177 fort.
737 4110 843 4163 Multus
863 4111 891 4163 et
908 4108 926 4162 i.
946 4112 965 4162 t.
986 4109 1095 4178 depluit
1108 4127 1195 4178 usque
1209 4111 1282 4180 lapis

139 4203 147 4272 ζ’,
167 4207 202 4255 74
221 4199 393 4254 concinuisse
412 4203 505 4268 6176
523 4200 635 4253 nubilus
654 4215 687 4252 ex
706 4197 825 4251 nubibus
844 4213 912 4252 corr.
935 4202 958 4248 V
974 4200 978 4266 1
995 4198 1085 4251 amnis
1104 4202 1126 4248 Δ
1144 4201 1153 4268 11
1173 4205 1205 4252 79
1224 4199 1282 4254 fue·

138 4289 266 4342 runtuel
285 4288 388 4343 fuerint
406 4290 537 4357 §uuella
556 4289 587 4340 in
606 4292 624 4339 0
644 4288 773 4354 66666611
792 4291 823 4340 81
848 4285 886 4338 Et
905 4290 926 4336 G
944 4289 979 4355 (et
998 4290 1020 4336 V
1045 4303 1080 4341 m.
1100 4293 1115 4338 2
1139 4289 1216 4356 rn'y.):
1245 4289 1283 4342 Ut

138 4381 191 4429 AV
209 4394 242 4430 ui.
264 4383 276 4429 1
300 4376 340 4429 lin
359 4377 570 4445 gleropitatg

194 4475 325 4516 Trnunnus.
1107 4468 1123 4515 4
