2858 4994
136 191 188 246 XX
566 190 851 248 PROLEGOMENA.

8 364 11 369 '
136 378 166 438 p.
181 355 345 420 97-106.
378 353 440 418 hoc
463 354 564 438 igitur
583 355 758 438 exemplari
782 351 872 439 (narn
895 355 995 419 codex
1018 355 1089 438 ipse
1114 359 1177 419 aut
1196 355 1294 439 periit

138 466 196 526 aut
224 464 259 527 in
287 463 503 527 bibliothecae
534 461 670 526 alicuius
699 463 841 527 tenebris
873 461 976 526 adhuc
1003 459 1099 547 latet)
1129 463 1294 527 utendum

143 572 193 634 est
216 569 257 632 ad
279 569 505 652 reciperandas
529 568 703 653 fragmenti
727 570 894 652 lectiones;
923 590 1025 652 neque
1050 569 1137 632 enim
1162 569 1296 633 Heinsii

138 675 177 740 111
202 666 409 760 Scaligerana
436 676 610 741 collatione
637 677 837 761 testimonia,
871 698 951 760 quae
974 674 1211 741 Lachmannus
1242 677 1296 742 ad-

140 783 262 867 hibuit,
294 805 333 847 ex
359 784 424 847 alio
452 782 541 847 fonte
564 783 726 849 fluxerunt
756 784 807 866 [ef.
831 783 974 848 Hillerus
997 784 1018 849 l.
1041 784 1083 865 l.].
1132 784 1192 848 sed
1218 782 1296 849 Sca·

142 890 225 974 liger
257 889 326 954 sine
358 889 455 954 dubio
487 912 546 973 pro
582 891 698 955 aetatis
732 913 808 955 suae
841 913 929 956 mora
959 893 1086 954 tantum
1119 891 1295 974 grauiores

139 1019 221 1082 quae
254 995 284 1059 ei
312 995 506 1059 uidebantur
539 996 614 1060 libri
644 995 809 1062 Ouiaciani
842 997 1073 1080 discrepantias
1107 998 1295 1082 exscripsit,

140 1104 251 1169 omisit
282 1103 432 1167 minores.
481 1104 567 1188 quod
599 1105 716 1169 acriter
746 1104 923 1168 tenendum
957 1107 1020 1188 cst,
1056 1127 1096 1168 ne
1130 1104 1179 1168 eis
1209 1105 1294 1169 locis

139 1211 255 1296 quibus
283 1209 339 1273 ille
367 1210 414 1274 nil
442 1209 560 1275 adiecit
586 1211 812 1276 Plantinianae
845 1211 1021 1295 scripturas
1049 1233 1108 1295 pro
1137 1211 1294 1296 genuinis

140 1318 336 1401 accipiamus
355 1317 560 1383 testimoniis.
593 1318 701 1382 addidi
719 1321 831 1382 tamen
852 1318 904 1382 his
927 1340 1052 1403 quoque
1073 1319 1154 1384 locis
1178 1319 1293 1384 lectio-

138 1448 195 1490 nes
220 1425 370 1489 editionis
389 1425 479 1489 illius
499 1447 625 1489 summa
645 1447 717 1490 cum
736 1426 932 1489 liberalitate
951 1425 1063 1490 lenam
1082 1425 1164 1489 mihi
1182 1429 1292 1490 trans·

140 1532 272 1615 missae,
295 1553 336 1595 ne
360 1533 437 1616 quid
461 1531 673 1596 dubitationis
697 1534 843 1596 restaret.
865 1570 903 1578 —-
930 1533 1004 1596 libri
1027 1531 1052 1596 F
1076 1533 1294 1617 praestantia,

140 1660 203 1723 qua
225 1639 323 1721 longe
347 1638 506 1723 longeque
530 1638 585 1702 ille
610 1640 742 1722 superat
765 1636 802 1722 0,
831 1639 928 1702 toties
953 1638 1057 1703 clucet
1080 1642 1117 1703 ut
1141 1640 1294 1723 exempla

141 1766 314 1829 congerere
352 1744 547 1828 superfluum
580 1743 631 1807 sit.
683 1767 879 1829 quamquam
915 1766 982 1808 non
1018 1743 1128 1808 deesse
1165 1766 1293 1830 uersus,

141 1851 256 1937 quibus
287 1849 310 1914 F
343 1854 375 1914 et
407 1851 477 1934 ipse
510 1855 681 1935 corruptus
713 1851 990 1936 interpolatusque
1024 1853 1067 1915 sit
1098 1852 1239 1935 ideoque
1270 1851 1293 1917 0

141 1958 297 2023 maiorem
324 1962 486 2023 mereatur
514 1958 625 2043 fidem,
657 1958 724 2024 iam
753 1959 830 2023 olim
862 1958 1004 2039 [‘Tibull.
1032 1957 1143 2024 Blacc’
1173 1982 1204 2042 p.
1235 1960 1293 2041 63]

20 2091 33 2099 ··
141 2065 259 2128 monui.
338 2079 342 2085 '

229 2171 380 2235 Breuiter
399 2174 432 2234 et
450 2172 543 2256 quasi
563 2171 750 2255 appendicis
769 2171 840 2235 loco
859 2170 912 2234 hic
932 2170 1064 2255 addam,
1081 2171 1294 2254 priapecrum

141 2278 226 2342 inter
256 2277 401 2342 carmina
428 2277 725 2361 pseudotibulliana
754 2277 789 2341 in
816 2275 840 2341 F
872 2281 1075 2342 seruatorum
1103 2278 1244 2342 alterum
1276 2302 1296 2343 a

142 2386 250 2450 uerbis
270 2384 445 2460 ς11111111
468 2385 547 2450 noui
566 2384 627 2449 est’
651 2385 810 2468 incipiens
834 2384 939 2448 medio
960 2406 1046 2449 aeuo,
1061 2384 1295 2468 opusculorum

143 2492 520 2578 pseudouergilianorum
539 2492 625 2577 parti
645 2491 741 2556 alteri
759 2491 945 2574 accessisse3
969 2489 1009 2554 ci.
1027 2513 1109 2575 quae
1127 2491 1161 2553 in
1177 2489 1296 2555 Fleck-

143 2600 245 2665 eiseni
273 2599 444 2664 annalibus
474 2621 501 2663 a.
529 2598 613 2663 1875
641 2621 671 2681 p.
698 2598 761 2661 140
785 2597 956 2682 disputaui.
1002 2597 1078 2661 hinc
1100 2597 1135 2660 in
1158 2597 1298 2662 illorum

143 2710 330 2793 poematum
353 2705 516 2770 codicibus
540 2705 706 2769 nonnullis
727 2704 896 2788 priapeum
921 2705 1162 2788 supradictum
1186 2706 1297 2790 extat,

143 2836 280 2899 quorum
304 2813 521 2898 antiquissimi
545 2815 635 2881 sunt:

191 2919 225 3006 l)
255 2920 475 2986 Bruxellensis
501 2918 697 2984 10675-76
721 2941 802 2983 saec.
825 2916 903 3002 XII,
936 2940 1032 3002 quem
1057 2918 1126 3001 ipse
1151 2921 1297 3004 excussi3

189 3027 224 3114 2)
254 3027 451 3093 Harleianus
475 3026 563 3091 2534
587 3047 668 3091 saec.
692 3025 774 3089 XIII
796 3025 909 3089 itidem
934 3048 953 3089 a
976 3047 1027 3087 me
1051 3025 1229 3109 inspectus,

190 3133 226 3214 3)
256 3138 322 3199 tres
351 3135 428 3198 libri
453 3132 663 3198 Monacenses
691 3131 776 3195 inter
805 3153 838 3194 se
866 3131 1037 3215 simillimi,
1069 3132 1192 3196 scilicet
1219 3135 1296 3200 clm.

279 3241 344 3304 305
373 3262 454 3304 saec.
478 3235 654 3322 XI-XII,
689 3237 795 3302 18059
821 3258 902 3302 saec.
926 3235 989 3301 XII
1018 3242 1049 3301 et
1072 3238 1181 3303 21562
1208 3262 1296 3309 saec.

278 3344 457 3429 XI—XII,
492 3368 627 3430 quorum
661 3345 868 3410 collationem
900 3345 1178 3410 accuratissimam
1208 3347 1295 3412 mihi

279 3452 419 3517 confecit
442 3451 622 3517 Guilelmus
641 3451 802 3536 Meyerus.
823 3489 861 3499 —
884 3452 939 3517 1111
961 3451 1013 3517 his
1037 3453 1146 3517 missis
1171 3453 1205 3517 in
1228 3455 1295 3520 iter

278 3559 456 3623 redeamus.

155 3729 157 3733 .
235 3664 259 3729 F
289 3668 322 3729 et
348 3666 448 3749 Fris,
485 3668 522 3728 ut
552 3665 592 3729 ad
621 3666 793 3730 uerborum
827 3665 1085 3730 emendationem
1117 3666 1294 3733 utilissima

147 3777 224 3838 sunt
250 3776 282 3837 et
309 3775 475 3857 ingentem
503 3794 585 3858 quae
613 3772 647 3837 in
673 3770 696 3836 0
724 3772 849 3856 optinet
876 3773 1139 3857 depracationem
1167 3775 1201 3837 in
1228 3775 1292 3840 cla-

145 3880 275 3945 rissima
307 3881 467 3945 collocant
498 3880 583 3964 luce,
618 3881 667 3944 ita
700 3881 740 3945 ad
771 3883 878 3944 textus
912 3880 1086 3944 Tibulliani
1118 3881 1292 3947 historiam

147 3987 281 4052 ulterius
309 3987 564 4073 persequendam
591 3986 672 4051 nihil
700 3986 902 4066 conferuntr
922 3987 978 4052 ubi
1001 3987 1042 4051 ad
1065 3986 1089 4051 0
1118 3987 1293 4052 aduentum

148 4097 211 4178 est,
248 4095 337 4158 omni
364 4070 418 4159 uia
447 4093 592 4178 praecisa
627 4094 867 4159 subsistendum
895 4097 945 4158 est
973 4095 1002 4158 ei
1032 4093 1087 4181 qui
1115 4115 1195 4179 quae
1223 4094 1293 4159 fata

20 4269 23 4274 ,
148 4203 262 4284 poetae
285 4201 391 4266 nostri
415 4203 559 4267 carmina
582 4223 639 4285 per
662 4202 830 4287 antiquum
851 4201 1055 4287 mediumque
1078 4223 1194 4265 aeuum
1218 4203 1292 4266 sub-

148 4307 245 4371 ierint
273 4310 385 4392 procul
412 4309 535 4375 habitis
564 4307 810 4374 ariolationibus
838 4309 1005 4391 explorare
1028 4307 1116 4392 uult3
1149 4308 1292 4394 adeoque
