2858 4994
229 214 319 272 XXIV
657 213 942 270 PROLEGOMENA.

228 378 326 462 primi
350 399 480 458 carmen
499 377 673 442 secundum
697 376 810 463 (quod,
835 379 862 442 si
881 376 988 461 poesis
1008 375 1217 441 Tibullianae
1241 360 1379 441 morum·

230 505 291 568 que
315 486 522 571 antiquorum
551 508 625 550 eum
649 507 744 571 quem
767 507 826 568 par
850 489 900 549 est
921 487 1103 568 respectum
1126 484 1249 569 habes,
1281 505 1382 569 παρα-

228 593 462 675 κλαυσίθυρον
486 597 537 657 est
559 593 655 676 plane
675 591 854 676 perfectum
879 591 1099 676 singularique
1123 593 1194 655 arte
1220 590 1384 674 composi-

229 696 314 784 tum)
337 697 505 784 Augustus
528 699 621 784 Mau,
644 699 694 763 uir
717 700 902 782 ceteroquin
927 701 1054 776 acutus,
1077 697 1112 761 in
1135 701 1384 783 programmate

229 804 393 888 gymnasii
422 803 732 870 Glueclrstadtiensis
761 828 789 870 a.
815 807 900 870 1866
930 795 1026 870 edito¹
1045 803 1157 869 rudem
1186 805 1386 869 laciniarum

229 909 524 976 diuersissimarum
552 911 672 976 molem
701 934 772 978 csse
803 914 931 996 statuit,
962 912 1060 976 nimis
1088 911 1213 975 scilicet
1242 915 1386 997 angusta

229 1020 337 1080 11111111
373 1017 519 1100 singulas
547 1021 656 1102 partes
685 1019 873 1084 examinans
905 1041 1008 1103 neque
1036 1019 1151 1083 harum
1179 1018 1385 1102 perspiciens

232 1144 383 1202 conexus,
407 1146 487 1208 quos
510 1127 626 1207 poetae
650 1125 848 1210 cogitatione
867 1125 1001 1190 liberius
1025 1124 1165 1190 euolant‘
1142 1130 1184 1189 trs
1209 1125 1313 1189 ardor
1337 1147 1384 1190 ac·

231 1230 374 1294 curatius
399 1231 538 1295 indicare
563 1253 658 1315 saepe
682 1233 794 1297 omisit
816 1254 959 1316 quosque
983 1255 1022 1298 111
1046 1232 1145 1296 animi
1169 1231 1307 1316 affectu,
1335 1232 1385 1297 cui

231 1337 287 1401 ille
320 1357 392 1401 cum
424 1337 563 1402 maxime
596 1338 758 1424 indulget,
795 1339 944 1424 indagari
977 1342 1113 1422 oportet.
1164 1283 1362 1422 equiderir
1352 1360 1385 1402 111

231 1443 339 1527 priore
357 1443 442 1509 libro
466 1445 558 1528 (nam
577 1446 714 1510 alterum
733 1445 803 1509 ab
793 1467 864 1528 ipso
884 1443 1014 1509 Tibullo
1034 1443 1211 1528 inperfecte
1229 1446 1383 1511 relictum

233 1553 266 1614 et
289 1550 329 1614 ab
349 1551 417 1614 eius
442 1552 545 1616 amico
565 1553 704 1635 quodam
727 1574 793 1616 non
817 1554 869 1616 sat
887 1551 1038 1636 religiose
1063 1551 1185 1615 editum
1207 1574 1299 1617 nunc
1317 1574 1383 1618 non

152 1665 159 1674 ‘
231 1654 354 1741 moror)
390 1661 519 1740 praeter
550 1659 761 1742 paucissimas
794 1660 926 1723 lacunas
962 1657 1257 1742 nonnullorumque
1294 1659 1381 1724 disti-

231 1762 365 1828 chorum
392 1765 664 1847 transpositiones
692 1765 789 1848 plane
814 1764 1013 1829 necessarias
1041 1765 1088 1828 nil
1111 1765 1245 1848 grauius
1270 1767 1381 1830 turba-

231 1872 301 1933 tum
330 1891 400 1933 esse
428 1870 710 1953 persuasissimum
738 1869 853 1956 habeo.
900 1894 1093 1956 quamquam
1121 1894 1180 1937 1111
1206 1872 1382 1938 defuerunt

231 1977 287 2062 qui
309 1978 434 2041 textum
455 1975 676 2042 Tibullianum
700 1978 877 2043 acrioribus
900 1978 1050 2042 remediis
1077 1979 1220 2064 indigere
1245 1980 1380 2043 omnino

229 2087 404 2168 negarent3
441 2084 488 2148 sic
519 2077 695 2170 Hauptius,
728 2085 789 2149 etsi
816 2085 974 2149 Haasium
1007 2085 1129 2169 elegiae
1159 2085 1175 2148 I
1205 2085 1247 2148 10
1279 2085 1380 2149 finem

232 2191 313 2255 miro
338 2191 474 2255 consilio
497 2194 573 2274 post
594 2190 627 2254 H
653 2191 669 2254 1
694 2191 897 2255 traicientem
920 2195 1006 2254 recte
1030 2191 1248 2275 impugnauit,
1274 2191 1380 2256 falsis-

230 2297 310 2360 sime
338 2299 448 2360 tamen
476 2296 624 2361 omnibus
647 2298 959 2381 transpositionibus
988 2320 1095 2362 carere
1122 2321 1182 2363 nos
1206 2320 1303 2381 posse
1335 2299 1379 2362 af-

233 2402 377 2467 firmauit
362 2405 523 2486 t[opusc.
545 2401 650 2487 Hlp
673 2403 716 2468 35
741 2407 832 2489 sqql.
870 2404 1023 2469 nimirum
1046 2404 1098 2522 1111
1104 2426 1248 2523 quoque
1273 2407 1381 2470 media

229 2617 398 2701 ignauiam
425 2617 587 2701 fugientes
617 2640 714 2703 quam
737 2617 868 2682 illorum
896 2618 1065 2681 leuitatem
1088 2617 1381 2702 temeritatemque,

229 2724 284 2809 qui
308 2722 464 2808 Scaligeri
489 2746 615 2788 summa
643 2745 715 2787 cum
738 2724 870 2788 licentia
899 2723 976 2788 olim
1001 2723 1109 2788 omnia
1137 2723 1381 2788 commiscentis

229 2830 411 2912 exemplum
440 2830 542 2895 secuti
571 2830 657 2894 nihil
684 2851 751 2895 non
780 2831 814 2893 in
837 2830 993 2914 scriptore
1022 2829 1145 2894 scilicet
1166 2833 1233 2893 tam
1260 2831 1381 2895 misere

230 2939 382 3020 corrupto
402 2936 483 3010 ‚sibi
515 2937 709 3020 permissum
742 2939 868 3020 putant.
921 2936 975 3000 sed
1009 2937 1062 3020 qui
1098 2936 1133 2999 in
1165 2934 1380 3000 admonendis

228 3043 420 3109 fortioribus
448 3044 739 3128 transpositionum
767 3044 1018 3128 lacunarumque
1047 3042 1193 3106 medellis
1226 3043 1381 3107 cautione

231 3173 312 3234 opus
336 3173 407 3215 esse
428 3150 508 3236 dico,
530 3151 616 3215 idem
639 3152 757 3214 iterum
776 3151 956 3234 iterumque
980 3171 1095 3215 moneo
1118 3172 1159 3213 ne
1182 3149 1217 3212 in
1239 3149 1381 3232 singulis

231 3257 353 3341 uerbis,
386 3258 514 3341 quando
544 3258 702 3322 sermonis
729 3257 825 3321 latini
857 3257 999 3341 artisque
1027 3256 1173 3340 poeticae
1201 3254 1289 3340 leges
1322 3262 1382 3322 aut

230 3387 344 3430 sensus
369 3365 549 3430 communis
574 3367 631 3428 aut
654 3363 777 3428 dicendi
800 3364 1027 3448 cogitandique
1050 3364 1135 3427 ratio
1157 3363 1280 3427 Tibulli
1303 3386 1380 3446 pro-

229 3472 301 3554 pria
333 3475 390 3536 aut
423 3472 506 3536 aliae
539 3471 674 3556 denique
707 3493 822 3536 causae
856 3471 1074 3553 corruptelam
1104 3469 1268 3548 minuunt,
1300 3492 1380 3534 oon-

230 3579 369 3643 iecturas
399 3576 646 3642 reformidemus
680 3577 733 3640 uel
763 3577 973 3642 uiolentiores
1003 3581 1102 3658 utque
1134 3576 1292 3640 rationem
1322 3576 1380 3642 hic

229 3688 266 3748 ut
289 3683 408 3768 ubique
431 3687 488 3767 opt
489 3685 589 3748 imam
613 3705 785 3767 sequamur
804 3683 918 3748 ducem
941 3685 974 3746 et
996 3682 1107 3746 demus
1131 3682 1230 3746 etiam
1253 3682 1378 3765 aliquid

228 3792 338 3857 iudicii
357 3792 547 3876 elegantiae,
566 3814 647 3875 quae
667 3792 701 3856 in
717 3790 967 3877 interpretandis
987 3789 1255 3909 emendandisque
1269 3789 1377 3872 poetis

227 3899 296 3964 fere
318 3898 392 3982 plus
415 3899 533 3963 mentis
557 3899 702 3964 acumine
724 3900 820 3965 ualet.

318 4006 367 4070 De
400 4005 472 4070 aliis
503 4006 747 4090 quaestionibus
779 4006 917 4070 maxime
948 4005 988 4068 ad
1016 4003 1139 4068 Tibulli
1168 4003 1271 4067 uitam
1278 3999 1310 4089 *1
1343 4007 1377 4067 11

300 4255 326 4324 *)
345 4269 379 4309 ea
397 4269 468 4321 quae
488 4253 522 4307 de
537 4253 643 4307 Tibulli
661 4270 724 4307 cum
743 4251 824 4307 Delia
842 4268 936 4306 amore
955 4251 1006 4308 11
1026 4252 1169 4321 disputata
1187 4252 1251 4304 sunt
1269 4250 1375 4305 nollem

229 4359 317 4412 nuper
330 4341 486 4396 inconsulte
500 4330 1107 4413 11113111110111111111111111[1111111111.
1119 4339 1222 4393 XXXII
1231 4344 1282 4393 445
1290 4340 1374 4410 sqq.].
