2858 4994
530 282 674 335 TlBUth
693 282 760 337 LIB.
780 283 800 335 l.
822 288 863 337 10.

688 610 730 682 X.

225 784 305 861 Quis
328 783 400 862 fuit,
422 783 601 847 horrendos
623 781 748 865 primus
772 782 827 866 qui
850 781 987 866 protulit
1010 779 1125 845 enses?

272 890 376 966 Quam
399 887 486 953 ferus
511 891 543 952 et
565 910 639 952 uere
662 886 785 952 ferreus
808 888 864 952 ille
886 887 961 953 fuit!

226 998 310 1061 Tum
334 998 446 1062 caedes
469 996 636 1061 hominum
660 996 779 1080 generi,
802 998 872 1059 tum
895 994 1017 1079 praelia
1039 997 1126 1079 nata,

271 1104 355 1168 Tum
379 1104 508 1168 breuior
531 1103 620 1167 dirae
644 1101 759 1166 mortis
783 1105 896 1185 aperta
914 1102 969 1166 uia
993 1104 1051 1165 est.

151 1226 168 1274 s
212 1211 258 1274 At
280 1210 362 1274 nihil
385 1210 440 1274 ille
463 1210 562 1274 miser
584 1210 714 1273 meruit:
737 1230 796 1273 nos
821 1209 860 1274 ad
885 1208 970 1272 mala
992 1211 1104 1272 nostra

272 1316 447 1402 UertimuS,
469 1318 504 1382 in
523 1339 637 1382 saeuas
661 1317 747 1400 quod
769 1317 857 1381 dedit
879 1316 933 1380 ille
956 1315 1051 1380 feras

225 1423 348 1490 Diuitis
372 1425 434 1490 hoc
457 1425 574 1490 uitium
597 1427 647 1490 est
670 1426 749 1508 auri,
771 1447 830 1489 nec
854 1424 940 1488 bella
963 1422 1104 1506 fuerunt,

270 1531 414 1617 Faginus
439 1510 570 1597 astabat
594 1554 666 1596 cum
690 1532 830 1616 scyphus
854 1534 928 1596 ante
952 1529 1060 1612 dapes.

226 1637 302 1703 Non
326 1661 425 1724 areca,
449 1662 516 1704 non
539 1639 645 1704 uallus
670 1642 749 1723 erat,
773 1659 986 1722 somnumque
1010 1635 1143 1720 petebat

157 1762 189 1809 10
273 1744 410 1810 Securus
434 1748 543 1811 uarias
567 1747 630 1810 dux
654 1747 762 1831 gregis
786 1748 871 1810 inter
894 1767 980 1811 oues.

227 1851 319 1916 Tunc
342 1853 423 1916 mihi
447 1853 516 1916 uita
538 1852 625 1917 foret
647 1853 759 1936 dulcis,
783 1874 842 1917 nec
865 1851 975 1916 tristia
993 1872 1123 1915 nossem

270 1958 373 2022 Arma
395 1980 455 2022 nec
479 1958 641 2022 audissem
664 1958 758 2024 corde
782 1959 922 2023 micante
946 1956 1069 2021 tubam,

226 2062 321 2128 Nunc
346 2064 386 2128 ad
410 2064 496 2128 bella
520 2065 641 2148 trahor,
666 2068 699 2129 et
720 2065 786 2128 iam
810 2065 881 2149 quis
905 2064 1043 2129 forsitan
1065 2063 1169 2128 hostis

270 2171 420 2236 Haesura
442 2172 477 2235 in
500 2175 614 2238 nostro
637 2172 703 2236 tela
726 2172 810 2256 gerit
832 2171 941 2235 latere.

157 2294 189 2342 15
228 2275 291 2343 Sed
313 2280 413 2363 patrii
437 2284 564 2344 seruate
588 2279 700 2345 Lares:
728 2278 855 2342 aluistis
880 2279 913 2340 et
935 2277 1029 2360 idem,

272 2382 443 2450 Cursarem
467 2389 594 2452 uestros
618 2407 690 2450 cum
712 2388 803 2448 tener
827 2387 902 2448 ante
925 2382 1033 2467 pedes.

226 2491 298 2557 Neu
320 2493 440 2576 pudeat
462 2494 569 2578 prisco
592 2515 651 2557 uos
675 2513 745 2556 csse
769 2514 786 2554 e
810 2491 921 2574 stipite
945 2491 1062 2555 factos:

272 2597 324 2664 Sic
348 2601 466 2665 ueteris
491 2602 582 2666 sedes
606 2599 786 2664 incoluistis
811 2597 873 2662 aui.

227 2705 318 2771 Tune
340 2708 456 2772 melius
480 2713 611 2772 tenuere
633 2707 739 2790 fidem,
763 2727 835 2770 cum
858 2725 999 2788 paupere
1022 2703 1110 2768 cultu

155 2829 191 2877 20
274 2811 390 2878 Stabat
412 2815 450 2879 in
473 2815 590 2899 exigua
612 2815 740 2900 ligneus
765 2812 842 2876 aede
865 2812 953 2877 deus.

227 2919 288 2984 Hic
310 2921 457 3004 placatus
482 2926 559 3006 erat,
583 2943 640 2986 scu
664 2925 734 3003 quis
757 2920 918 2983 libauerat
941 2940 1038 2981 uuam

272 3026 336 3090 Seu
359 3028 491 3092 dederat
514 3030 646 3091 sanctae
671 3026 780 3110 spicea
803 3027 890 3088 serta
913 3044 1039 3105 comae3

227 3132 334 3217 Atque
358 3135 476 3219 aliquis
500 3134 569 3199 uoti
593 3155 725 3217 compos
747 3132 816 3196 liba
838 3132 908 3213 ipse
932 3130 1057 3194 ferebat

272 3239 415 3325 Postque
438 3262 546 3305 comes
564 3262 682 3324 purum
704 3238 774 3303 filia
795 3259 898 3322 parua
920 3237 1041 3302 fanum.

136 3419 350 3429 ᾖ

210 3521 278 3584 ,Vra
297 3542 370 3577 arcu.
408 3522 442 3576 X.
470 3521 554 3578 Albii.
578 3521 692 3575 Tibulli.
717 3521 825 3589 poetae.
850 3519 897 3578 in.
921 3518 962 3572 de.
984 3520 1133 3574 amoribus.
1152 3520 1282 3578 nimesis.

137 3610 211 3664 liber
242 3610 268 3663 II
300 3612 351 3667 iiii.
385 3613 497 3666 maiusc.
530 3612 605 3666 ruha
636 3615 657 3662 0
684 3612 754 3663 miro
782 3625 880 3664 errore.
925 3608 1089 3661 Detestatur
1121 3609 1197 3664 bella
1224 3610 1284 3664 lau-

138 3701 208 3753 dans
234 3701 338 3753 etatem
361 3699 482 3769 primam
510 3701 562 3771 [pr.
591 3702 626 3754 et.
655 3701 690 3770 V]
719 3702 747 3753 et
774 3715 882 3768 pacem.
915 3697 975 3750 Rea.
1008 3701 1058 3749 AV
1075 3699 1085 3766 ΙΙ
1110 3703 1195 3750 1-10
1222 3700 1284 3755 hah.

141 3788 210 3841 Par.
225 3788 264 3856 lli
289 3789 359 3842 Tum
385 3791 466 3845 Pan:
490 3788 567 3843 Tunc
597 3791 712 3857 oitum
739 3791 791 3839 AV
811 3787 892 3840 Pan:
917 3788 983 3841 tunc
1008 3787 1082 3855 0114
1107 3786 1184 3839 Tunc
1204 3792 1225 3838 0
1248 3787 1285 3840 Et

140 3877 210 3930 Pur.
233 3879 243 3944 ΙΙ
266 3883 281 3931 5
305 3878 343 3930 At
366 3882 399 3931 c:
428 3879 471 3932 An
493 3883 544 3931 AV
571 3879 616 3931 Ah
645 3877 674 3931 J.
704 3878 742 3931 H.
773 3876 884 3930 Vossius
914 3877 918 3942 Ι
946 3874 1050 3927 Forsan
1078 3876 1107 3927 et
1133 3873 1182 3927 ille
1211 3874 1283 3928 nihil

138 3964 242 4018 meruit
262 3965 329 4020 Par.
345 3967 384 4033 118
404 3968 522 4035 aptabat
541 3966 609 4021 Por.
627 3965 768 4034 {scyphus
788 3969 822 4018 G:
842 3963 939 4032 ciphus
958 3966 1009 4014 AV
1029 3961 1097 4016 Par.
1117 3980 1146 4029 p;
1172 3961 1284 4030 sciphus

140 4056 209 4108 Por.
229 4075 246 4109 n
264 4060 304 4120 ei,
322 4070 392 4122 qaae
409 4055 458 4108 hoc
476 4055 639 4109 uocabulum
663 4054 796 4128 exhibent,
821 4052 899 4106 Fris.
917 4053 922 4119 Ι
942 4050 1040 4121 dapes]
1060 4067 1168 4105 merum
1189 4052 1256 4105 Par.
1276 4053 1285 4121 ii

141 4149 175 4196 10
188 4142 292 4213 uarias]
308 4144 417 4197 saturas
431 4143 565 4197 Heinsius
574 4159 678 4198 uacuas
691 4141 896 4206 Broathasias3
910 4140 1004 4193 malim
1014 4156 1122 4208 sparsas
1132 4139 1141 4210 ξι
1151 4146 1183 4192 11
1195 4139 1285 4193 dulcis

139 4230 287 4283 Heinsius:
305 4230 385 4300 uulgi
404 4235 423 4282 0
442 4232 452 4301 l
471 4236 503 4285 12
522 4231 656 4301 micante]
675 4231 813 4284 tremente
830 4233 854 4278 V
872 4245 905 4282 m.
926 4234 941 4280 2
961 4230 970 4295 ss
990 4233 1022 4280 15
1040 4229 1156 4294 fortasse
1176 4227 1284 4281 aluistis

140 4318 233 4373 eidem
255 4320 264 4386 ΙΙ
289 4325 320 4373 17
345 4325 412 4374 co:
435 4338 453 4376 a
476 4335 493 4378 ς
515 4323 524 4391 ΙΙ
549 4325 581 4375 18
600 4319 704 4375 ueteris
723 4334 752 4376 ςε
776 4320 886 4373 ueteres
906 4320 924 4367 0
948 4318 957 4385 ΙΙ
979 4322 1011 4368 21
1033 4333 1089 4370 uua
1107 4322 1129 4369 Δ
1148 4334 1233 4370 uuam
1252 4335 1286 4371 ec

140 4423 227 4459 unam
246 4423 315 4461 corr.
334 4425 368 4464 m.
384 4415 399 4463 2
415 4409 583 4479 Vl2351>⁸e
606 4428 636 4476 gt
655 4409 718 4477 ipsa
737 4412 755 4459 0

195 4505 327 4545 Trsunaus.
1055 4501 1071 4547 3
