2858 4994
525 289 669 343 TIBULLI
688 290 754 344 LIB.
774 290 808 345 Il.
830 295 855 344 4.

215 451 313 518 Nunc
338 454 372 516 et
395 473 507 515 amara
530 450 597 515 dies
621 453 654 514 61
676 451 782 514 noctis
806 451 947 514 amarior
969 451 1086 514 umbra
1109 452 1167 532 est,

263 559 382 625 Omnia
405 579 490 622 nuno
512 557 598 621 trist'
623 559 772 649 tempora
794 556 868 620 felle
891 556 1031 621 madent.

217 666 286 732 Nec
308 667 447 750 prosunt
470 663 554 748 clegi
577 685 637 727 nec
661 663 811 727 carminis
835 666 947 728 auctor
970 663 1108 746 Apollo:

240 772 325 837 'Illa
350 794 430 837 caua
453 771 593 854 pretium
616 770 747 855 flagitat
769 792 870 853 usque
894 792 997 833 manu.

145 894 179 943 15
219 878 270 942 lte
293 878 417 962 procul,
440 877 562 961 Musae,
586 877 614 940 si
636 898 703 940 non
725 877 886 960 prodestis
911 876 1047 940 amanti:

263 983 340 1049 Non
364 1005 425 1069 ego
449 1005 519 1067 uos,
541 986 578 1046 ut
602 984 669 1048 sint
692 985 779 1047 bella
798 983 951 1067 canenda,
974 982 1054 1065 colo,

218 1090 288 1156 Nec
311 1090 418 1154 refero
443 1089 586 1173 solisque
609 1090 680 1154 uias
705 1094 737 1154 et
760 1091 875 1175 qualis,
898 1090 954 1154 ubi
979 1089 1090 1153 orbem

266 1193 461 1280 Oomplcuit,
485 1196 588 1260 uersis
612 1195 705 1259 Luna
728 1197 865 1260 recurrit
889 1196 990 1280 equis

220 1302 274 1366 Ad
298 1302 464 1366 dominam
487 1301 599 1366 faciles
624 1303 730 1367 aditus
753 1326 811 1386 per
834 1303 978 1368 carmina
1001 1323 1135 1385 quaero:

148 1426 183 1474 20
268 1408 319 1472 116
341 1408 464 1492 procul,
486 1406 609 1492 Musae,
633 1409 661 1472 si
687 1409 768 1472 nihil
790 1410 855 1474 ista
879 1410 996 1473 ualent.
1023 1437 1029 1450 ¹

220 1515 267 1579 At
290 1515 369 1579 mihi
393 1537 450 1599 per
473 1515 602 1579 caedem
626 1519 658 1580 et
680 1516 805 1580 facinus
831 1518 906 1580 sunt
929 1514 1014 1579 dona
1036 1514 1190 1597 paranda,

267 1619 316 1687 Ne
340 1622 462 1685 iaceam
487 1622 627 1686 clausam
651 1622 768 1686 flebilis
791 1627 867 1687 ante
891 1622 1030 1707 domum,

221 1728 291 1793 Aut
313 1728 441 1811 rapiam
465 1750 621 1811 suspensa
644 1729 744 1793 sacris
768 1729 909 1813 insignia
932 1729 1030 1793 fanis:

269 1833 333 1898 Sed
355 1833 467 1898 Uenus
487 1839 562 1897 ante
586 1835 668 1900 alios
691 1838 742 1899 cst
766 1836 919 1900 uiolanda
942 1836 1030 1900 mihi.

149 1959 185 2006 25
228 1940 291 2005 Illa
315 1940 436 2004 malum
459 1939 585 2004 facinus
609 1943 724 2005 suadet
747 1943 975 2026 dominamque
997 1964 1146 2025 rapacem
1192 1987 1202 2005 t

270 2046 337 2111 Dat
359 2046 455 2110 mihi:
481 2046 654 2130 sacrilegas
679 2049 799 2111 sentiat
822 2049 879 2111 illa
902 2070 1024 2111 manus.

225 2153 252 2219 Ο
277 2155 399 2240 pereat,
423 2153 614 2237 quicumque
637 2154 719 2238 legit
741 2153 922 2238 uiridesque
946 2154 1134 2239 smaragdos

269 2258 315 2323 Et
338 2259 468 2323 niueam
492 2257 591 2341 Tyrio
616 2259 737 2324 murice
760 2260 860 2344 tingit
884 2283 988 2344 opem.

224 2367 310 2432 Hinc
334 2365 390 2430 dat
413 2366 572 2430 auaritiae
593 2389 706 2432 causas
731 2370 763 2431 et
786 2365 855 2432 Coa
877 2369 993 2452 puellis

149 2493 187 2540 30
270 2473 382 2539 Uestis
407 2476 440 2538 et
464 2496 480 2538 e
504 2475 602 2538 rubro
627 2474 735 2538 lucida
759 2475 880 2539 concha
903 2476 994 2541 mari.

226 2579 315 2646 Haeo
339 2580 444 2646 fecere
467 2581 586 2645 malas:
609 2580 684 2644 hinc
708 2580 826 2645 clauim
848 2582 946 2646 ianua
969 2582 1070 2646 sensit

271 2689 316 2753 Et
339 2687 448 2771 coepit
471 2690 581 2754 custos
604 2686 725 2750 liminis
751 2708 820 2751 esse
845 2689 944 2752 66616.
1031 2698 1035 2706 ’

227 2793 299 2878 Sed,
321 2794 463 2878 pretium
487 2794 514 2858 si
538 2792 659 2878 grande
684 2793 777 2878 feras,
801 2795 946 2859 custodia
969 2795 1055 2859 uicta
1078 2797 1142 2858 est:

271 2898 340 2964 Nec
363 2899 539 2982 prohibent
562 2900 670 2963 claues
695 2902 727 2962 et
749 2899 839 2963 canis
862 2899 931 2983 ipse
955 2904 1049 2966 tacet.

154 3024 190 3071 35
228 3006 302 3070 Heu
327 3007 519 3090 quicumque
543 3003 631 3068 dedit
653 3003 791 3067 formam
815 3006 961 3070 caelestis
986 3030 1113 3089 saurae,

273 3111 374 3188 Quale
397 3113 519 3176 bonum
542 3110 653 3175 multis
678 3112 787 3175 attulit
810 3111 865 3176 ille
893 3113 1000 3177 malis!

228 3218 314 3283 Hinc
337 3218 432 3283 fletus
456 3218 606 3302 rixaeque
631 3222 756 3304 sonant,
778 3217 858 3283 haec
882 3220 1020 3304 denique
1044 3241 1141 3284 causa

272 3323 364 3389 Fecit
386 3328 423 3389 ut
446 3323 575 3389 infamis
599 3347 685 3389 nunc
709 3325 786 3390 deus
811 3331 897 3392 esset
919 3325 1029 3405 Amor.

213 3482 324 3536 Tesrru.
362 3481 410 3551 IV,
429 3489 471 3538 31.
493 3481 670 3536 Charisius
690 3501 717 3552 p.
735 3490 794 3552 120,
809 3490 826 3538 4
840 3482 886 3539 K.:
908 3483 1029 3539 ‘Olauim
1045 3485 1185 3539 Tibullus:
1205 3486 1288 3539 hino

138 3569 269 3625 clauim
288 3569 393 3625 ianua
411 3570 537 3624 senslt'

213 3712 281 3767 Vir.
300 3733 374 3768 asor.
415 3719 455 3781 11,
476 3719 508 3766 12
532 3715 593 3768 bob.
619 3716 686 3770 Par.
707 3718 716 3785 11
737 3722 768 3770 12
788 3735 861 3772 nunc
881 3718 963 3773 Pan:
986 3736 1052 3773 nam
1072 3723 1090 3770 0
1111 3718 1169 3772 iam
1188 3719 1260 3771 Itali
1279 3733 1285 3772 l

143 3807 177 3855 13
197 3803 280 3855 autor
299 3803 343 3870 011
358 3806 390 3855 17
411 3802 473 3855 Neu
494 3804 581 3869 0161
598 3803 690 3870 qualis
709 3809 743 3858 G:
762 3806 870 3873 equalis
888 3809 934 3859 Av
951 3808 955 3875 1
970 3807 1020 3860 ubi
1039 3812 1071 3861 0:
1090 3810 1123 3861 ut
1141 3823 1157 3865 ς
1174 3809 1177 3874 1
1194 3807 1291 3860 urbem

140 3892 236 3958 Δ1118
256 3891 381 3942 recurrat
400 3904 416 3946 ς
434 3891 443 3958 1
462 3896 495 3942 21
515 3891 573 3944 Aut
592 3905 608 3948 ς
626 3892 636 3959 11
655 3898 688 3945 23
707 3892 778 3948 16616
796 3895 918 3964 insignia
938 3897 1022 3950 sacris
1042 3910 1058 3953 ς
1077 3899 1086 3964 11
1105 3900 1209 3950 27-30
1228 3895 1290 3947 hub.

143 3980 213 4033 Por.
228 3979 237 4047 l
251 3983 285 4032 29
300 3977 420 4031 Praebet
434 3978 570 4033 auaritiae
586 3996 683 4034 causas
697 3983 821 4050 pretiosa
835 3987 983 4052 potentum
999 3985 1068 4039 Pur.
1086 3988 1089 4053 Ι
1106 3984 1222 4040 Η166ςε
1237 3983 1291 4034 Η16

143 4069 254 4138 01666
278 4067 303 4134 (c
327 4082 360 4120 66
384 4068 464 4134 corr.)
487 4072 520 4120 G:
545 4069 764 4138 6116630130
788 4089 803 4125 6
823 4076 841 4123 0
863 4073 943 4127 Par:
968 4091 985 4127 a
1008 4072 1289 4142 6619611316166161

144 4156 307 4212 Charisius:
327 4154 437 4208 clauem
455 4156 497 4223 01
512 4162 544 4208 32
565 4156 773 4227 6661110133
792 4160 869 4215 uicta
887 4163 1117 4230 6610160669,
1136 4178 1169 4214 m.
1190 4161 1231 4226 2):
1250 4160 1291 4212 in-

144 4248 227 4301 certa
244 4245 288 4297 661
306 4245 356 4295 AV
375 4260 409 4298 m.
430 4249 454 4309 1,
473 4244 546 4311 quod
563 4261 596 4298 666
614 4247 1292 4318 661611061616616,6660666666661661661666

142 4333 256 4387 uidetur
278 4332 287 4399 1
310 4337 343 4385 36
366 4331 416 4385 1116
439 4336 473 4385 G:
501 4332 560 4400 ipse
583 4335 773 4401 11166166
796 4336 827 4402 Q.
852 4337 933 4391 bonis
956 4338 1050 4392 multis
1074 4356 1097 4393 a.
1118 4339 1136 4394 i.
1156 4341 1261 4395 malum
1279 4338 1289 4407 11

148 4429 183 4477 38
203 4438 276 4475 nunc
290 4420 496 4475 Broalrbusiac:
515 4420 562 4474 hic
578 4424 596 4471 0
611 4421 651 4476 616
666 4423 800 4479 Haustus
813 4426 859 4480 uel
873 4426 1010 4496 1119166666.
