2858 4994
573 295 857 353 PROLEGOMENA.
1248 301 1288 355 XI

141 460 320 542 utramque
337 480 468 523 manum
491 458 571 522 uelis
595 457 823 544 discernerer).
871 460 1003 544 quinam
1029 466 1137 527 autem
1160 462 1211 526 uir
1233 462 1288 526 ille

139 563 255 628 doctus
282 565 380 629 fuerit
407 564 544 629 fortasse
574 567 644 628 tum
675 567 818 648 eruetur,
851 587 925 630 cum
951 568 1083 632 tandem
1114 568 1287 653 aliquando

141 668 188 754 (id
212 671 297 755 quod
323 672 386 735 iam
410 671 530 734 dudum
552 672 621 735 fieri
645 670 805 757 oportuit)
834 673 1001 738 doctorum
1025 674 1182 740 Italorum
1206 696 1288 739 saec.

140 776 204 840 XV
228 780 261 841 et
282 777 361 841 XVI
390 778 607 863 chirographa
634 779 769 843 collecta
797 781 829 842 et
857 781 925 843 arte
953 778 1213 865 photographica
1239 803 1287 845 re-

139 887 349 965 praesentata
387 885 531 949 omnium
569 885 641 949 usui
673 884 841 968 patebunt.
895 884 957 950 hoc
990 887 1076 951 enim
1114 888 1149 951 in
1181 888 1287 953 codice

139 993 253 1055 nostro
278 991 318 1054 ad
341 990 357 1054 Ι
382 993 410 1073 l,
436 992 476 1056 18
500 992 635 1075 legitur:
665 990 740 1073 Scri
762 991 933 1056 abstinebat
953 993 1069 1058 octabis
1090 996 1171 1075 qood
1192 999 1290 1059 essent

139 1098 248 1160 memori
264 1099 399 1185 dedicate
418 1103 447 1162 et
461 1099 542 1178 qaod
552 1102 700 1181 pictorem
716 1099 907 1162 semiramim
925 1099 960 1162 im
973 1100 1143 1164 columbam
1156 1121 1287 1166 aemam.

139 1202 300 1267 Dicuntur
321 1188 354 1268 <b
370 1205 505 1269 molosso
522 1225 538 1267 e
552 1204 670 1285 cremia
690 1203 786 1269 tbobos
803 1206 938 1287 miminis
955 1205 1059 1295 oolr'o'bc
1076 1208 1137 1294 doc
1155 1227 1289 1288 quaram

140 1309 242 1373 altero
263 1312 306 1375 od
326 1311 408 1374 siloa
431 1312 567 1375 dodonec
593 1310 693 1375 altero
714 1311 758 1374 ool
778 1322 918 1376 omoacm
934 1314 1079 1393 peruenit
1101 1313 1155 1377 abi
1176 1317 1290 1377 morto·

140 1416 222 1481 libas
249 1418 374 1481 dederat
399 1427 530 1498 resposa.
576 1416 666 1481 Poot.
699 1453 737 1462 -
772 1416 921 1501 idemque
949 1417 1039 1482 Poat.
1066 1419 1226 1502 reperitur
1254 1417 1289 1482 in

141 1521 352 1589 adnotatione
376 1523 552 1608 marginali
575 1523 616 1588 ad
638 1523 654 1587 I
678 1524 708 1607 8,
731 1523 784 1606 51,
810 1524 866 1588 ubi
890 1524 928 1587 de
952 1525 1077 1589 sontica
1100 1547 1137 1589 ex
1161 1524 1288 1590 Iuliano

140 1632 174 1692 et
196 1628 297 1695 Paulo
322 1631 510 1695 adferuntur
536 1634 700 1714 excerpta,
724 1633 756 1694 et
780 1630 867 1694 alibi.
902 1630 971 1714 ipse
994 1629 1147 1695 lcuianus
1171 1630 1288 1696 Ponta-

139 1758 201 1800 nus
225 1758 303 1801 num
327 1738 445 1802 codicis
468 1719 638 1821 passessor
662 1740 885 1819 correctorque
909 1735 1007 1800 fiuerit
1034 1759 1075 1800 an
1100 1737 1167 1801 eius
1190 1737 1288 1801 inter·

140 1847 348 1924 pretamenta
375 1843 736 1927 emendatiunculasque
759 1843 881 1908 amicus
905 1843 1037 1926 quidam
1061 1865 1119 1907 suo
1142 1843 1289 1908 intulerit

141 1949 332 2032 exemplari,
355 1951 417 2014 hoc
441 1972 479 2014 ex
498 1971 595 2014 causa
614 1972 713 2033 supra
731 1949 841 2012 adlata
862 1971 947 2013 nunc
966 1949 1094 2033 quidem
1114 1949 1288 2014 diiudicare

140 2075 273 2138 nequeo,
312 2057 367 2120 sed
390 2060 464 2121 utut
487 2057 549 2121 hoc
573 2077 606 2120 se
628 2054 740 2138 habet,
763 2077 830 2120 non
852 2055 917 2119 alio
941 2055 1049 2121 codice
1073 2060 1171 2140 quam
1195 2055 1311 2121 (luel

139 2161 314 2245 fcrbytano
346 2185 423 2227 usus
457 2167 506 2228 est
532 2162 646 2229 Franc.
676 2161 826 2226 Paccius:
864 2161 944 2225 adeo
977 2183 1049 2227 cum
1081 2162 1186 2226 nostri
1214 2163 1290 2227 libri

141 2266 337 2333 lectionibus
362 2270 515 2334 conuenit
538 2269 606 2333 eius
631 2268 925 2353 emendationibus3
953 2268 1018 2332 nisi
1042 2269 1140 2352 quod,
1164 2270 1288 2337 attere

139 2372 192 2455 fit,
216 2375 371 2439 nonnulla
395 2373 523 2439 aliunde
542 2374 645 2457 petIta
668 2373 842 2438 inmiscuit.
872 2375 927 2458 qui
946 2374 1031 2458 quod
1053 2375 1088 2437 in
1110 2376 1197 2440 notis
1222 2376 1288 2440 suis

141 2500 238 2562 saepe
261 2479 401 2545 Pontani
427 2502 546 2546 nomen
569 2481 848 2564 commemorauit,
875 2479 971 2545 huius
995 2480 1059 2545 uiri
1081 2502 1180 2546 manu
1204 2481 1289 2546 codi-

141 2607 212 2648 cem
234 2585 336 2649 fuisse
360 2586 515 2670 scriptum
539 2586 667 2651 uidetur
685 2588 882 2650 autumasse.
914 2585 1062 2669 idemque
1080 2585 1216 2652 Puccius
1239 2590 1289 2652 ut

141 2695 218 2774 pote
248 2693 284 2756 in
314 2696 383 2756 arte
413 2691 502 2756 rudis
532 2714 597 2756 non
626 2691 788 2756 intellexit
816 2691 898 2755 bene
927 2691 1188 2776 distinguendum
1218 2715 1289 2759 esse

142 2799 226 2862 inter
249 2798 386 2881 primam
409 2821 541 2863 manum
566 2795 618 2885 (d)
648 2801 681 2862 et
707 2798 841 2862 alteram
869 2798 1094 2863 correctricem
1115 2799 1289 2884 interpola·
1343 2831 1349 2842 ·

143 2905 319 2989 triccmque
339 2903 400 2991 (g),
424 2906 481 2970 scd
498 2909 668 2989 utramque
691 2926 791 2988 aeque
811 2907 998 2968 aestumans
1018 2905 1122 2970 effecit
1141 2909 1177 2971 ut
1194 2906 1288 2972 bonis

141 3009 420 3075 emendationibus
445 3011 637 3076 admisceret
659 3033 778 3094 prauus
802 3010 932 3074 multas.
963 3033 1037 3095 nos,
1061 3013 1115 3096 qui
1134 3013 1288 3078 lectiones

141 3140 161 3180 a
188 3131 211 3197 g
238 3115 358 3180 inlatas
387 3117 472 3181 tanti
502 3115 646 3180 ducimus
679 3116 793 3200 quanti
822 3118 999 3180 ceterorum
1026 3116 1185 3182 Italorum
1215 3140 1288 3184 con·

140 3221 295 3305 iacturas,
326 3221 391 3285 iam
426 3222 502 3306 quid
535 3222 573 3286 de
602 3220 627 3286 (l
661 3221 867 3286 statuendum
900 3222 943 3287 sit
971 3222 1148 3288 uideamus.
1194 3227 1227 3288 et
1253 3229 1290 3290 ut

141 3327 286 3391 breuiter
309 3328 414 3394 dicam
437 3330 522 3414 quod
545 3329 632 3394 inira
655 3329 836 3394 accuratius
861 3329 1150 3396 demonstrabitur:
1186 3330 1211 3396 G
1234 3333 1288 3397 di-

141 3455 252 3500 uerso
283 3457 302 3499 a
332 3434 482 3501 familia
514 3434 578 3501 AV
609 3438 718 3519 patre
751 3439 860 3502 ortus
891 3458 933 3500 ex
963 3437 1094 3501 codem
1125 3459 1197 3521 quo
1228 3461 1289 3502 ex-

143 3544 278 3624 cerpta
301 3540 481 3607 Parisina
506 3542 789 3607 descenderunt
816 3543 947 3608 codiee
975 3542 1100 3607 fluxit.
1146 3544 1230 3628 quod
1253 3546 1291 3609 ut

142 3650 252 3733 palam
275 3649 347 3733 fiat,
369 3649 459 3732 prius
483 3648 705 3713 disserendum
728 3652 778 3712 est

427 3753 487 3818 DE
511 3752 757 3819 EXOERPTIS
781 3752 1009 3819 PARISINIS.

143 3861 263 3927 ExtItit
286 3862 365 3927 olim
389 3860 423 3926 in
446 3860 555 3926 Gallia
579 3863 667 3926 intra
690 3882 793 3926 annos
815 3860 883 3925 fere
909 3862 1127 3927 1000-1100
1149 3862 1202 3926 uir
1224 3884 1289 3926 me·

144 3969 295 4034 diocriter
318 3969 447 4053 doctus,
480 3968 534 4052 qui
563 3990 602 4032 ex
625 3967 724 4032 uariis
750 3967 937 4032 auctoribus
961 3966 1118 4034 Romanis
1147 3989 1290 4053 eaquae

144 4077 252 4160 aliquo
271 4077 402 4142 nomine
426 4074 651 4140 memorabilia
669 4074 857 4139 uiderentur
880 4079 1065 4159 excerperet
1088 4075 1172 4139 etin
1190 4097 1289 4139 unum

215 4321 241 4390 ²⁸)
273 4337 371 4376 manus
393 4321 480 4376 tertia
502 4337 574 4376 sace.
600 4321 665 4377 XVI
687 4321 735 4375 uel
757 4320 848 4389 XVII,
880 4338 964 4389 quam
987 4337 1022 4375 m.
1046 4335 1097 4375 reo.
1125 4319 1291 4390 significans,

144 4410 243 4465 titulos
262 4409 380 4480 singulis
398 4409 498 4481 elegiis
517 4409 636 4466 addidit.
